2994 5018
567 336 614 389 DE
636 337 722 390 AGRI
742 336 912 390 CVLTVRA
1293 337 1312 398 9

139 536 145 570 -,
187 500 233 548 ’ῗ“
257 503 411 565 CXXVIIII
435 502 566 563 Mustum
591 505 616 563 si
640 502 720 562 voIes
739 509 834 562 totum
854 521 963 562 annum
981 503 1104 583 babere,
1129 502 1313 583 quidsi'acias

257 608 361 671 CXXX
384 611 549 670 Musiaceos
574 609 721 688 quemad
746 608 866 668 modum
890 608 979 668 facias

205 788 208 793 Ι
257 716 375 777 CXXXI
399 716 505 775 Vinum
520 719 699 775 concinnare
715 714 750 774 ad
766 714 884 794 lotium,
902 717 928 774 si
942 715 1062 775 difficile
1077 717 1185 776 emittit
1200 719 1312 776 vessica

205 807 208 815 ¹
257 822 389 884 CXXXII
412 822 519 882 Vinum
543 823 579 882 ad
603 825 728 883 isciacos
752 824 930 881 concinnare

207 966 223 984 Α
257 928 401 989 CXXXIII
424 929 460 989 Vt
484 933 577 989 canes’
600 930 731 990 interdiu
759 928 916 989 conclus'os
944 929 1067 1011 babeas,
1093 933 1134 990 ita
1163 938 1196 991 ut
1223 939 1313 991 noctu

416 1040 546 1098 acriores
570 1039 629 1098 sint

155 1153 167 1162 ‘
259 1143 418 1204 CXXXIIII
442 1145 548 1205 Vinum
574 1152 722 1205 murteum
747 1163 773 1223 q.
798 1163 822 1203 a.
847 1164 884 1205 m.
908 1146 1005 1204 facere
1030 1145 1137 1205 debeas

189 1323 192 1331 Ι
258 1249 387 1312 CXXXV
410 1252 453 1312 Ad
479 1255 604 1313 tormina
629 1259 658 1312 ot
682 1254 708 1312 si
732 1251 811 1311 alvos
834 1270 894 1311 non
918 1253 1074 1332 consistet,
1089 1254 1124 1310 ⁴si
1148 1253 1261 1311 taeniae
1285 1260 1314 1310 et

183 1344 194 1372 ἵ
413 1357 551 1418 lumbrici
575 1357 691 1418 molesti
715 1365 817 1435 erunt,
841 1357 912 1436 quid
936 1358 1034 1418 facere
1058 1357 1165 1417 debeas

184 1494 192 1507 ι
219 1454 222 1463 ’
259 1463 401 1524 CXXXVI
416 1464 468 1523 Ad
493 1464 681 1543 dyspepsiam
704 1470 734 1523 et
757 1465 956 1541 stranguriam

257 1569 413 1630 CXXXVII
438 1571 470 1631 Si
492 1571 704 1632 habitationem
727 1569 861 1631 delutare
886 1573 929 1630 vis
1003 1549 1006 1554 ’

162 1730 166 1736 .
258 1671 428 1736 CXXXVIII
453 1678 558 1738 Aream
582 1696 641 1756 quo
665 1678 752 1737 modo
776 1678 865 1739 facias

102 1858 107 1866 ι
157 1804 159 1815 ·
180 1796 207 1829 71
257 1782 439 1843 CXXXVIIII
464 1784 499 1843 Vt
523 1783 601 1862 ligna
625 1802 744 1845 amurca
768 1792 945 1863 spargantur

257 1888 388 1950 CXXXX
411 1891 480 1951 Piro
504 1890 628 1950 florente
652 1898 686 1951 ut
709 1891 815 1970 dapem
837 1910 892 1970 pro
916 1891 1015 1951 bubus
1039 1891 1129 1950 facias

259 1997 346 2058 CXLI
370 1997 479 2077 Dapem
504 2017 562 2078 quo
587 1997 674 2058 modo
698 1998 788 2058 iacias

121 2134 136 2149 ι·
257 2104 359 2166 CXLII
382 2105 558 2184 Propagatio
582 2123 739 2183 pomorum

167 2226 210 2265 ιιι·
257 2211 371 2271 CXLIII
396 2213 563 2291 Antequam
586 2229 713 2271 messem
737 2213 875 2291 inpriaS,
899 2219 933 2272 ut
951 2230 1072 2291 porcam
1091 2212 1316 2290 praecidaneam

192 2388 195 2399 Ι
413 2318 503 2377 facias

67 2452 79 2490 μ,
198 2428 200 2437 “
229 2432 240 2449 ““
258 2422 386 2482 CXLIIII
410 2421 505 2492 Quem
529 2423 564 2482 ad
588 2423 707 2483 modum
732 2425 848 2484 tunIcas
868 2432 1042 2504 ceterasque
1062 2443 1110 2485 ros
1125 2433 1154 2486 et
1169 2425 1221 2486 ubi
1235 2443 1315 2486 emas
1333 2440 1354 2497 y

78 2493 81 2500 Δ
130 2551 157 2590 ao
234 2529 358 2589 xCXLV
381 2530 557 2590 Politionem
577 2548 636 2608 quo
659 2537 745 2609 pacto
770 2531 952 2609 redemptori
975 2531 1045 2591 dare
1069 2531 1177 2591 debeas

242 2762 255 2808 1
275 2756 380 2810 babere
398 2757 430 2810 in
447 2772 549 2810 rasura
567 2753 595 2808 A
668 2744 735 2822 quid
754 2753 841 2808 facias
865 2771 914 2809 om.
934 2755 998 2824 Aa,
1019 2756 1082 2810 odd.
1102 2755 1148 2809 Pc
1220 2754 1315 2808 iMu-

169 2848 271 2900 stacius
285 2845 444 2914 (Mustatios
458 2846 481 2914 c)
498 2844 734 2913 quemadmodum
747 2843 834 2898 facias
851 2844 897 2898 Pc
910 2844 1068 2899 Mustaceos
1083 2843 1316 2912 quemadmodum
1421 2843 1427 2853 '

168 2935 256 2989 facias
281 2935 358 3003 Vtu,
381 2933 538 2987 Mustaceos
562 2933 602 2987 sic
621 2932 706 2987 facito
725 2934 785 3002 Ao,
811 2934 857 2987 sed
876 2932 916 2987 sic
934 2932 1021 2988 facito
1040 2935 1072 2988 iu
1089 2950 1190 2988 rasura
1208 2935 1235 2986 A

169 3032 185 3078 3
204 3022 308 3078 Vinum
329 3023 493 3077 concinnare
512 3023 549 3076 ad
567 3021 668 3077 lotium
687 3024 838 3077 dorostro
856 3023 883 3076 A
957 3023 980 3076 si
999 3022 1113 3076 difficile
1133 3022 1239 3077 emittit
1256 3039 1316 3075 ues-

170 3113 228 3166 sica
252 3112 369 3180 PVue,
398 3113 444 3166 sed
467 3112 568 3165 uissica
592 3128 660 3166 corr.
684 3112 791 3167 uessioa
814 3114 854 3166 oei
877 3112 984 3182 uessica
1006 3129 1074 3167 corr.
1099 3111 1201 3165 uissica
1226 3113 1264 3179 P,
1292 3111 1316 3165 ei

170 3199 283 3254 difficile
302 3200 413 3255 emittet
431 3198 519 3254 uisioa
534 3193 565 3267 e,
589 3217 638 3254 ont.
661 3200 706 3254 Ao
779 3207 796 3253 4
820 3201 922 3254 Vinum
941 3202 977 3255 ad
995 3199 1131 3256 ischiacos
1151 3199 1315 3254 concinnare

172 3288 220 3360 Vc
240 3306 343 3360 Vinum
367 3305 402 3360 ad
422 3296 504 3361 discit
520 3307 615 3361 hiacos
634 3314 762 3361 cocinare
781 3308 813 3361 in
830 3324 931 3361 rasura
946 3307 973 3359 A
1046 3314 1060 3361 'r'
1082 3307 1183 3360 Vinum
1203 3307 1316 3373 (Vinum

168 3401 208 3465 nii
222 3399 260 3464 A)
280 3398 418 3450 murteum
438 3416 463 3466 q.
479 3411 503 3449 a.
523 3414 558 3449 m.
580 3396 670 3449 facere
690 3395 792 3449 debeas
810 3394 871 3447 PA
889 3394 992 3448 Vinum
1012 3396 1164 3448 murtetum
1183 3395 1315 3462 quemad-

169 3486 282 3541 modum
306 3486 396 3541 Iacere
420 3486 522 3539 debeas
545 3501 559 3539 c
578 3485 681 3538 Vinum
704 3485 843 3552 myrteum
868 3483 907 3538 sic
925 3482 1012 3537 facito
1031 3500 1045 3536 o
1137 3489 1152 3537 8
1172 3483 1251 3537 aluos
1272 3484 1316 3537 Pc

170 3587 248 3667 aluds
262 3612 289 3663 A
300 3610 389 3664 ¹aluus
408 3627 423 3663 o
496 3608 629 3663 consistet
648 3607 672 3662 si
688 3608 747 3661 PA
766 3608 901 3663 consistat
915 3607 968 3662 sic
987 3577 1122 3662 consistat
1140 3609 1169 3660 et
1187 3607 1211 3659 si
1229 3624 1244 3660 o

168 3700 262 3759 teniae
284 3699 311 3750 P
327 3699 403 3771 tpnip
423 3716 436 3752 o
454 3698 528 3752 tenie
548 3714 616 3752 corr.
635 3697 710 3752 tinec
727 3698 754 3750 A
773 3698 866 3754 tineae
884 3715 908 3751 o·
973 3704 988 3750 9
1007 3696 1137 3751 lumbrici
1156 3697 1199 3750 Vc
1216 3697 1317 3750 lubrici

170 3788 198 3840 A
272 3793 303 3839 lo
317 3787 361 3838 Ad
379 3787 548 3856 dispepsiam
569 3789 598 3840 et
617 3786 802 3855 stranguriam
823 3786 848 3839 V
865 3786 1070 3855 addyspepsian
1089 3788 1118 3840 et
1131 3784 1316 3855 stranguriam

169 3875 247 3931 ond
271 3874 426 3943 dyspesiam
450 3878 479 3928 et
497 3876 665 3944 stragoriam
683 3877 710 3929 A
787 3882 816 3927 11
837 3873 1011 3929 habitatione
1030 3875 1057 3926 A
1131 3880 1163 3928 13
1183 3875 1221 3928 Ut
1239 3873 1317 3943 ligna

169 3981 283 4020 amurca
302 3964 464 4032 sparcaniur
482 3965 513 4016 ic
530 3981 631 4018 rasura
650 3965 677 4017 A
752 3971 784 4018 14
798 3961 863 4017 Piro
878 3963 988 4018 florenti
1002 3965 1034 4016 ut
1048 3964 1148 4032 dapem
1161 3981 1210 4032 pro
1226 3962 1316 4017 bubus

169 4089 256 4143 facias
266 4089 294 4141 P
304 4086 367 4142 Piro
382 4088 497 4141 florente
512 4089 543 4140 ut
558 4089 659 4156 dapem
673 4088 762 4142 bubus
776 4087 864 4143 facias
877 4088 954 4154 Vict,
969 4087 1031 4142 Pilo
1045 4088 1159 4142 florente
1175 4063 1316 4156 dapempro

170 4178 258 4232 bobus
277 4179 308 4231 in
325 4193 427 4232 rasura
446 4178 472 4229 A
495 4174 559 4230 Piro
583 4177 678 4230 florem
701 4179 733 4230 ut
752 4178 852 4246 dapem
875 4177 980 4232 bubum
1000 4175 1088 4230 facias
1108 4193 1121 4230 c
1140 4175 1247 4244 Dapem
1266 4192 1316 4244 pro

170 4267 259 4320 bubus
283 4284 298 4319 o
387 4272 419 4319 15
445 4264 527 4318 CXLI
550 4267 657 4334 Dapem
677 4267 817 4334 quomodo
840 4266 927 4320 facias
952 4267 984 4319 io
1007 4282 1093 4334 uturp.
1117 4266 1180 4319 aeid.
1205 4266 1231 4317 A

102 4411 105 4416 ,
172 4363 203 4410 17
223 4373 308 4425 porca
326 4355 539 4427 praecidaneam
560 4356 605 4409 Pe
624 4372 737 4424 porcam
756 4356 969 4425 praecidaneam
987 4354 1014 4407 A
1030 4355 1113 4422 Vict,
1132 4358 1218 4422 porcia
1238 4370 1316 4422 prae-

172 4443 322 4525 cidaneiio
397 4451 430 4498 20
449 4442 617 4498 Politionem
640 4444 701 4496 PA
720 4445 897 4514 poditionem
916 4460 930 4498 c
948 4443 1181 4498 Pollintionemo
