2994 5018
187 351 249 417 106
677 349 831 405 curonis

184 521 328 598 scriptum
363 526 409 581 est
446 537 552 599 unum,
591 518 669 597 qnod
702 537 805 578 eornm
838 520 894 598 vis,
932 517 1028 577 alvum
1065 515 1183 576 deicere
1221 524 1328 596 potest.

183 644 287 687 verum
311 644 344 686 ca
367 644 400 686 re
424 633 469 687 tot
490 645 540 686 res
564 632 647 706 sunt,
670 628 716 686 uti
738 625 813 686 bene
838 625 961 705 deicias,
986 631 1015 684 et
1039 641 1128 683 suave
1152 631 1203 684 est

48 726 164 800 cnvssll
272 731 456 812 intertrigini
480 733 653 793 remedium.
682 734 782 793 invia
806 751 874 794 oum
894 732 964 813 ibis,
988 729 1118 810 apsinthi
1135 733 1249 808 pontici
1263 750 1328 793 snr-

185 839 285 900 cnlum
310 839 365 900 suh
389 839 476 900 anuto
500 840 615 900 habeto.

100 956 164 1013 b'LX
272 946 389 1007 Lunum
405 947 510 1026 siquod
526 955 579 1026 est,
594 947 649 1008 hec
661 948 797 1007 cantione
808 965 911 1007 sanum
928 948 986 1007 fiet.
1005 946 1202 1006 harundinem
1215 948 1356 1024 prender

183 1051 238 1112 tibi
261 1053 385 1113 viridem
404 1069 433 1115 Ρ.
454 1068 507 1114 1111
526 1062 577 1114 eut
597 1055 728 1133 quinque
752 1052 881 1134 longam,
905 1053 1031 1114 mediam
1056 1052 1190 1132 diffinde,
1216 1061 1245 1113 et
1269 1054 1328 1113 duo

182 1158 318 1220 homines
341 1168 461 1222 teneant
486 1162 521 1221 ad
546 1161 730 1221 coxendices.
772 1161 870 1237 incipe
894 1168 1013 1221 cantare
1028 1162 1058 1220 iu
1073 1159 1129 1220 aiio
1144 1177 1166 1220 s.
1181 1160 1200 1220 f.
1215 1168 1329 1221 moetas

182 1272 268 1326 uaete
292 1265 390 1326 denies
414 1267 566 1328 dardanios
589 1267 770 1328 asindanides
793 1286 851 1327 nna
874 1274 973 1347 petes,
1002 1286 1097 1346 usqne
1121 1266 1191 1328 dnm
1214 1275 1328 1328 coeant.

183 1379 277 1432 motas
305 1381 391 1434 uaeta
420 1374 517 1435 darios
545 1375 685 1435 dardanos
710 1376 864 1435 astntarics
892 1375 1106 1454 dissnnapiter,
1134 1393 1229 1453 usquc
1257 1374 1329 1436 dum

183 1486 295 1541 coeant.
338 1481 451 1542 ferrum
488 1483 611 1560 insuper
638 1483 753 1542 iactato.
795 1481 847 1542 ubi
875 1482 1002 1541 coierint
1030 1488 1059 1542 et
1087 1481 1178 1541 altera
1206 1481 1328 1542 alteram
1344 1501 1370 1541 ιο

182 1619 395 1628 ---.-

254 1692 270 1740 3
289 1686 465 1757 Intertrigini
483 1688 637 1744 remedium
657 1689 733 1743 Plio.
753 1693 800 1755 26,
819 1693 853 1744 91
910 1686 1047 1742 bLuxum
1066 1687 1166 1758 siquod
1185 1689 1229 1744 est
1249 1689 1326 1744 Plc'n.

182 1780 226 1847 17,
245 1780 310 1831 267.
348 1782 453 1845 1111

182 1991 234 2045 bns
252 1994 270 2060 s
285 1994 364 2047 custo
383 1992 478 2047 trebus
498 2009 512 2046 c
530 2009 564 2047 ex
583 1992 626 2046 his
645 1992 691 2046 tot
708 1992 790 2046 rebus
812 1991 857 2047 Vb
930 1993 1005 2060 quod
1025 1991 1159 2062 scriptum
1177 1994 1219 2047 est
1234 1991 1325 2046 PAR

182 2083 251 2151 quot
268 2081 402 2152 scriptum
421 2083 497 2136 esto
596 2081 739 2136 ldeicere
758 2081 817 2135 AR
844 2080 963 2136 deiicere
986 2080 1014 2133 V
1109 2081 1248 2136 adeicias
1266 2079 1326 2134 AR

182 2169 297 2225 deiicias
319 2171 347 2224 V

22 2344 27 2351 ι
252 2282 268 2330 3
288 2275 320 2330 R.
340 2277 464 2333 CLXVII
482 2276 658 2346 Intertrigini
677 2275 830 2331 remedium
850 2276 873 2331 si
891 2277 981 2331 uiabis
1001 2277 1029 2330 A
1047 2277 1221 2347 Intertrigini
1239 2294 1327 2333 reme·

85 2404 87 2408 ,
181 2365 258 2436 dinrp
278 2367 302 2419 si
321 2368 369 2421 uia
386 2367 441 2422 ibis
463 2369 490 2421 P
507 2366 680 2437 Intertrigini
698 2367 857 2421 remediat
883 2366 927 2421 Ad
946 2366 1151 2438 intertriginem
1169 2366 1327 2422 remediao

181 2454 355 2525 intertrigini
373 2456 396 2510 si
414 2457 462 2511 uia
479 2457 533 2511 ibis
552 2456 706 2511 remedium
727 2455 867 2510 Victorius
939 2454 1114 2526 Intertigrini
1131 2457 1159 2510 A
1230 2455 1260 2509 in
1278 2456 1328 2510 uia

101 2534 105 2539 ”
181 2561 244 2598 cum
262 2544 317 2599 ibis
335 2547 362 2598 A
387 2543 418 2598 in
436 2546 484 2600 uia
503 2563 566 2599 cum
589 2543 642 2600 ibis
661 2545 689 2598 P
708 2543 737 2597 in
755 2544 831 2599 uiam
849 2561 912 2598 cnm
931 2542 984 2598 ibis
1002 2544 1124 2610 RVr'ct.,
1150 2560 1212 2597 cum
1231 2542 1261 2597 in
1279 2544 1328 2598 uia

180 2632 267 2688 ibisn
359 2632 484 2703 apsinthi
504 2633 604 2700 PAcf
619 2632 742 2687 absinthi
760 2633 775 2688 b
795 2633 971 2702 absynthiib
1062 2631 1182 2687 41111110
1204 2632 1260 2687 VR
1279 2650 1327 2687 an-

179 2722 247 2777 nulo
266 2722 293 2776 A

270 2816 286 2864 b
305 2810 337 2866 R.
358 2810 493 2865 CLXVIII
511 2810 619 2864 Luxurn
637 2813 670 2864 nt
688 2813 819 2866 exeuntes
838 2810 919 2864 AVb
1010 2819 1026 2866 6
1044 2810 1163 2865 uiridem
1185 2809 1241 2864 VR
1258 2809 1326 2864 niri-

180 2900 246 2953 dam
264 2901 292 2952 A
386 2917 412 2969 p.
433 2897 484 2952 IIII
503 2902 552 2953 aut
572 2899 694 2967 quinque
715 2899 792 2952 PAc
809 2917 836 2967 p.
856 2899 909 2953 IIII
929 2902 979 2953 aut
997 2899 1023 2953 V
1042 2901 1081 2967 bf
1095 2919 1121 2970 p.
1141 2898 1181 2952 III
1199 2898 1325 2953 auth

252 2995 266 3041 i
287 2986 450 3042 coxendices
474 2984 501 3039 V
516 2987 689 3041 coxemdices
708 2987 758 3042 Ab
782 3004 880 3042 coxem
899 2987 961 3041 dice
979 2991 1068 3057 spatio
1085 3005 1240 3057 pancorum
1259 2989 1325 3042 litte·

179 3093 276 3131 11111
290 3081 354 3145 post
372 3074 434 3129 dice
453 3076 546 3130 relicto
565 3092 579 3129 c
651 3075 743 3146 incipe
762 3078 876 3131 cantare
898 3076 954 3129 VR
972 3073 1097 3132 'cantare
1114 3072 1225 3146 ”incipe
1244 3076 1271 3130 A
1301 3148 1304 3152 Ι

105 3227 109 3232 ,
180 3165 206 3219 S.
226 3165 245 3221 f.
264 3167 371 3220 moetas
394 3166 461 3246 ueta
484 3164 575 3218 daries
600 3163 742 3218 dardanico
768 3164 940 3219 asiadcrides
963 3183 1020 3220 nna
1044 3169 1123 3234 petes
1146 3183 1233 3235 usque
1258 3167 1325 3220 dnm

180 3252 280 3308 co'eant
305 3255 404 3308 motas.
448 3256 514 3326 neta
540 3253 639 3308 Daries
666 3251 804 3308 Dardares
833 3253 979 3309 astataries
1006 3253 1201 3324 Dissunapiter
1228 3272 1324 3324 usqne.

793 3348 802 3384 t
976 3341 982 3348 .

179 3398 245 3450 dum
265 3397 366 3451 coeant
388 3395 502 3451 Ferrum
521 3396 549 3449 P
578 3396 604 3450 S.
624 3395 643 3449 f.
662 3356 869 3451 metasuddries
886 3401 889 3467 t
906 3397 1057 3452 dardaries.
1094 3397 1153 3452 asia
1172 3397 1323 3455 darderies.

179 3502 235 3539 nna
253 3486 337 3554 pedes
356 3502 452 3552 usque.
472 3484 539 3538 dum
558 3486 658 3539 coeant
676 3487 774 3540 motas.
803 3486 869 3540 ueta
888 3486 997 3558 dairies
1016 3486 1158 3541 dardaries
1178 3486 1324 3542 astataries

180 3574 266 3629 dis..
288 3577 400 3644 (rescire
418 3575 538 3629 duarum
556 3575 720 3639 litterarum)
741 3575 894 3645 sumapiter
912 3593 999 3644 usque
1018 3577 1085 3629 dum
1104 3578 1205 3630 coeant
1222 3577 1325 3636 ferrum

179 3661 206 3714 A
227 3661 284 3715 SI.
304 3663 395 3714 motas
415 3659 518 3714 daneta
537 3659 629 3714 darien
648 3661 791 3716 darderies
811 3664 958 3718 astararies
977 3664 1022 3719 dic
1040 3681 1096 3719 una
1114 3666 1219 3734 pariter
1236 3684 1325 3736 nsque

179 3750 245 3803 dum
265 3752 366 3804 coeant
383 3749 468 3804 Ferro
486 3768 503 3804 o
524 3750 550 3804 S.
565 3749 595 3803 F.
615 3754 705 3805 motas
724 3752 809 3806 nacta
828 3753 919 3806 daries
939 3753 1082 3808 dardaries
1102 3755 1249 3809 astataries
1269 3754 1324 3810 dis·

179 3839 324 3908 sunapiter
342 3856 431 3907 usqne
451 3840 518 3893 dum
537 3843 637 3895 coeant
655 3842 757 3894 ferrum
773 3840 917 3897 Vc'ctorc'us.
957 3843 1020 3897 ‘Dic
1040 3859 1096 3896 nna
1113 3842 1218 3911 pariter
1236 3858 1325 3911 usque

179 3928 245 3980 dum
275 3930 382 3982 coeant.
420 3929 505 3984 Haece
534 3930 621 3984 locam
648 3932 743 3984 mendo
768 3948 869 3986 uacare
897 3949 954 3986 eoo
977 3937 1056 4001 pcto.
1094 3933 1220 4001 Antiqua
1248 3934 1325 3988 Iectc'o

178 4053 367 4107 contammata
381 4060 430 4108 est:
467 4054 531 4109 Vna
549 4022 584 4123 pd
603 4071 736 4124 esusque
756 4055 822 4109 dum
842 4056 895 4111 etc.
932 4056 1008 4109 Num
1023 4057 1117 4124 prc'mu
1140 4057 1223 4112 dictio
1242 4058 1326 4111 buius

178 4143 318 4196 clausulae
336 4143 368 4195 c'o
386 4144 575 4197 musitanae
594 4143 708 4233 tepetar’
730 4144 800 4197 idem
891 4146 991 4198 sueta
1010 4146 1026 4198 b
1045 4145 1147 4210 uates
1232 4143 1324 4200 danes

84 4360 87 4365 ἡ
179 4283 310 4339 dardares
329 4233 473 4352 astudiies
492 4283 605 4339 diesuna
623 4288 711 4354 petes,
733 4287 779 4341 scd
797 4288 881 4341 deleto
900 4285 956 4340 diss
976 4303 990 4340 c
1062 4292 1077 4339 9
1097 4289 1189 4342 motas
1210 4318 1241 4326 -
1262 4303 1324 4342 coe-

179 4373 226 4425 ant
246 4374 328 4439 cus
414 4375 504 4427 motas
523 4374 623 4427 netab
650 4375 770 4428 motatas
790 4377 889 4429 uetcc
978 4374 1120 4445 dardares]
1146 4375 1323 4430 dardariesb

253 4466 286 4514 10
304 4461 353 4514 ubi
371 4461 489 4517 coierint
510 4462 574 4530 ch
588 4461 638 4515 nbi
657 4461 757 4517 coierit
776 4465 801 4516 A
821 4463 869 4517 ubi
888 4463 1013 4518 coierunt
1032 4465 1050 4533 b
1128 4465 1324 4519 1111111111-
