2994 5018
500 355 549 409 DE
568 356 656 411 Aeni
676 356 848 412 OVLTVRA
869 358 898 411 O·
922 359 996 420 1—2
1283 360 1324 424 13

181 523 207 580 si
225 529 417 599 sumptuosus
442 524 508 601 erit,
532 521 661 601 relinqui
684 541 745 582 non
760 523 894 583 multum.
931 525 1087 603 praedium
1102 525 1180 604 quod
1196 528 1325 604 primum

180 629 249 709 siet,
274 631 299 688 si
323 648 369 689 me
393 629 519 711 rogabis,
543 632 586 690 sic
610 630 721 691 dicam:
745 631 781 691 de
806 631 943 706 omnihus
967 634 1045 710 agris
1070 635 1240 711 optimoque
1259 633 1324 694 loco

179 738 280 814 iugera
296 738 506 815 agrivcentum:
530 739 614 797 vinea
639 745 684 798 ost
702 740 811 817 prima,
834 743 862 798 si
875 743 944 800 uiuo
959 742 1034 800 dono
1048 739 1094 799 vel
1109 742 1135 799 si
1150 742 1218 799 vino
1232 739 1324 800 multo

179 851 238 925 est,
262 843 392 903 secundo
416 843 481 904 loco
504 843 610 903 hortus
634 845 779 925 inriguus,
802 823 1056 926 tertio'salictum,
1080 855 1186 925 quarto
1206 847 1330 928 oletum,'

152 953 283 1030 5qninto
306 957 437 1030 pratum,
462 959 545 1010 sexto
570 969 691 1029 campus
715 952 936 1032 frumentarius
961 955 1086 1031 septimo
1111 953 1182 1013 silva
1206 943 1325 1035 cae'dua,

180 1065 282 1118 octavo
306 1057 475 1137 arbustum,
499 1075 578 1116 nono
602 1057 753 1136 glandaria
777 1057 857 1117 silva.

242 1165 354 1238 ³Pater
382 1163 506 1224 familias
533 1163 586 1224 ubi
619 1163 654 1223 ad
685 1163 782 1224 villam
815 1167 909 1246 venit,
940 1164 992 1225 uhi
1026 1164 1116 1225 larem
1151 1166 1322 1227 familiarem
1338 1158 1363 1214 ll

178 1271 323 1352 salutavit,
347 1271 471 1331 fundum
496 1271 600 1331 eodem
623 1270 680 1351 die,
704 1273 729 1331 si
752 1279 863 1353 potest,
887 1274 1062 1353 circumeat3
1087 1274 1113 1332 si
1135 1291 1195 1333 non
1219 1274 1323 1334 eodem

179 1379 238 1460 die,
271 1386 300 1438 at
323 1378 476 1457 postridie.
513 1378 565 1439 ubi
597 1381 747 1460 cognovit,
781 1398 839 1458 quo
872 1381 960 1440 modo
992 1377 1103 1443 fundus
1136 1380 1235 1441 cultus
1268 1382 1324 1441 siet

139 1515 164 1553 10
178 1503 327 1564 operaque
352 1504 426 1564 quae
450 1486 527 1546 facta
549 1486 717 1564 infectaque
742 1487 832 1566 sient,
860 1486 1004 1564 postridie
1029 1490 1093 1547 eius
1117 1487 1175 1547 diei
1203 1488 1324 1548 vilicum
1431 1481 1438 1492 '

178 1600 271 1670 vocet,
294 1600 387 1673 roget,
412 1592 483 1671 quid
508 1595 607 1671 operis
631 1594 688 1652 siet
712 1593 830 1673 factum,
855 1593 925 1672 quid
945 1600 1047 1675 restet,
1072 1596 1182 1654 satisne
1197 1598 1341 1677 ‘effide-ll..

178 1717 266 1777 opera
295 1700 373 1759 sient
402 1699 549 1779 confecta,
579 1701 711 1778 possitne
741 1718 815 1778 quae
844 1699 959 1778 reliqua
992 1702 1069 1761 sient
1101 1703 1261 1781 conficere,
1293 1711 1323 1762 et

177 1806 248 1884 quid
273 1807 383 1866 factum
398 1807 467 1885 vini,
491 1806 634 1866 frumenti
648 1805 830 1885 aliarumque
846 1825 947 1867 rerum
962 1809 1101 1866 omnium.
1140 1807 1191 1868 ubi
1207 1827 1240 1868 ea
1255 1827 1322 1887 cog·
1342 1810 1360 1865 2

176 1915 271 1993 novit,
294 1916 439 1990 rationem
463 1915 540 1973 inire
564 1920 681 1992 oportet
705 1932 875 1995 operarum,
899 1914 1023 1974 dierum.
1064 1915 1090 1974 si
1114 1917 1141 1974 ei
1165 1933 1239 1993 opus
1263 1935 1322 1976 non

136 2046 161 2086 15
176 2027 312 2101 apparet,
335 2021 411 2091 dicit
432 2020 536 2082 vilicus
560 2020 663 2081 sedulo
687 2039 718 2080 se
743 2021 858 2102 fecisse,
882 2039 984 2080 servos
1008 2039 1066 2080 non
1091 2020 1226 2104 valuisse,
1250 2030 1322 2084 tem-

175 2135 305 2204 pestates
329 2129 419 2189 malas
443 2129 548 2208 fuisse,
577 2146 678 2188 servos
707 2128 870 2207 aufugisse,
899 2145 974 2204 opus
1003 2126 1155 2205 publicum
1179 2130 1321 2210 effecisse,

175 2234 228 2295 ubi
256 2254 305 2295 eas
324 2236 455 2315 aliasque
479 2252 583 2294 causas
606 2233 714 2294 multas
734 2234 821 2312 dixit,
846 2233 881 2293 ad
902 2236 1047 2294 rationem
1070 2251 1196 2311 opernm
1215 2229 1321 2313 ¹opera·

176 2359 302 2419 rumque
326 2341 446 2401 vilicum
474 2359 588 2401 revoca.
634 2358 703 2400 cum
726 2347 917 2418 tempestates
947 2339 1063 2418 pluviae
1092 2340 1215 2421 fuerint,
1247 2351 1360 2420 quae3

176 2465 266 2525 opera
289 2466 343 2525 per
366 2448 492 2508 imbrem
516 2448 581 2507 lieri
604 2449 764 2528 potuerint,
788 2446 865 2506 dolia
888 2445 987 2528 lavari,
1010 2447 1112 2526 picari,
1135 2446 1232 2507 villam
1251 2467 1320 2527 pnr-

246 2698 260 2744 2
281 2691 315 2746 de
335 2689 463 2746 omnibus
482 2689 557 2759 agris
571 2689 662 2765 ¹Vror.
683 2691 705 2743 I
722 2695 739 2745 7
816 2697 833 2743 4
851 2689 935 2745 tertio
955 2689 1085 2745 salictum
1104 2689 1180 2745 Plio.
1201 2694 1245 2758 16,
1265 2694 1319 2746 176

246 2786 261 2834 7
280 2779 364 2833 Pater
382 2778 504 2834 familias
525 2777 627 2834 Colum.
648 2779 669 2831 I
686 2783 716 2846 8,
737 2783 776 2836 20

245 3022 258 3067 1
284 3012 308 3067 si
331 3013 510 3082 sumptuosus
531 3010 704 3081 —primum
732 3011 785 3065 siet
808 3013 840 3065 fu
861 3012 984 3080 morqiue
1003 3011 1030 3063 A
1120 3009 1240 3079 relinqui
1260 3011 1319 3065 PR

172 3101 313 3170 relinquid
331 3101 358 3154 A
377 3101 533 3169 relinquere
552 3118 568 3155 o
641 3107 656 3154 3
676 3099 773 3170 iugera
793 3098 845 3153 VR
862 3099 912 3170 iu'g‘
929 3117 1060 3169 superscr.
1075 3099 1101 3151 A
1174 3099 1257 3154 uinea
1276 3101 1318 3154 est

172 3190 263 3258 primo
285 3190 331 3244 uel
355 3191 379 3243 si
402 3190 467 3258 uino
491 3190 579 3243 multo
604 3191 648 3243 est
667 3189 726 3242 PR
752 3188 836 3243 uinea
861 3191 902 3242 est
925 3188 1016 3258 prima
1039 3188 1063 3242 si
1081 3189 1146 3242 uino
1166 3187 1257 3243 multo
1276 3191 1319 3243 est

172 3279 223 3332 Au
241 3278 326 3333 uinea
349 3279 392 3332 est
414 3278 518 3347 prima,
543 3278 650 3332 sinino
675 3278 764 3333 multo
788 3277 843 3332 siet
865 3278 1022 3344 Iucundum
1046 3277 1130 3332 uinea
1153 3280 1196 3332 est
1218 3276 1317 3346 prima,

173 3367 197 3421 si
219 3367 285 3422 uino
309 3368 381 3422 bono
404 3369 450 3422 uel
473 3367 496 3421 si
519 3367 585 3422 uino
608 3367 696 3421 multo
717 3367 771 3420 siet
794 3366 912 3421 Ursinus
930 3368 987 3420 coll.
1013 3367 1093 3420 Varr.
1113 3383 1135 3420 r.
1150 3383 1173 3421 r.
1193 3365 1247 3419 17

171 3457 328 3528 tinriguus
343 3457 390 3512 Ac
403 3457 524 3527 irriguus
540 3457 584 3511 Vb
655 3455 775 3510 tercium
789 3455 816 3508 A
889 3457 989 3523 quartu
1004 3454 1032 3508 A
1104 3454 1234 3522 oquinta
1248 3470 1316 3509 corr.

171 3550 211 3602 ·to
225 3549 252 3601 A
326 3549 405 3602 sexta
419 3564 487 3602 corr.
503 3548 546 3600 ·to
564 3547 591 3599 A
664 3562 749 3614 copus
764 3544 791 3597 A
859 3544 1008 3612 septimum
1022 3561 1091 3598 corr.
1106 3561 1163 3599 -mo
1183 3545 1210 3597 A

243 3641 257 3689 7
282 3636 314 3689 R.
334 3636 359 3688 Il
383 3634 475 3691 Patris
498 3633 605 3688 familie
629 3633 719 3687 offitia
741 3634 768 3686 A
787 3631 877 3687 Putris
900 3634 1021 3687 familias
1041 3633 1134 3688 officia
1158 3632 1202 3687 Vo
1225 3632 1316 3687 Patris

171 3722 296 3777 familiae
306 3723 470 3778 officiaVr'ct.
543 3729 559 3777 8
579 3722 603 3776 si
622 3738 677 3776 non
697 3722 795 3776 eodem
814 3721 860 3774 die
880 3721 947 3787 Vos
961 3721 984 3775 si
1002 3738 1057 3775 non
1077 3738 1110 3775 eo
1129 3721 1173 3776 die
1188 3721 1235 3775 Ac
1247 3721 1315 3775 Vtut.

243 3820 258 3868 9
277 3815 307 3866 at
323 3813 458 3882 postridie
473 3829 508 3867 cu
527 3813 562 3865 ad
581 3811 717 3881 postridie
733 3811 789 3863 PA
808 3810 844 3863 ad
858 3809 1018 3880 posttridie
1033 3812 1048 3864 b
1122 3816 1155 3863 10
1171 3825 1312 3878 operaque

170 3917 242 3970 quae
258 3902 413 3966 Iucuudus,
432 3917 517 3970 opera
532 3917 637 3969 quaeq;
662 3900 719 3954 VR
733 3915 904 3969 operaqueq3
923 3899 951 3953 A
1023 3897 1111 3963 soient
1124 3895 1273 3968 posttridie
1287 3896 1315 3950 A

243 3997 274 4044 11
294 3989 413 4058 temperi
434 3990 461 4042 P
482 3990 602 4059 tempori
620 3990 702 4044 ARo
794 3995 827 4042 12
847 4005 931 4057 opera
950 3988 1002 4042 siet
1025 3988 1165 4042 confecta:
1190 3984 1314 4055 possitne

170 4097 241 4149 quae
264 4079 373 4149 reliqua
396 4077 469 4133 sient
494 4079 627 4134 conficere
646 4079 674 4131 P
693 4095 779 4151 opera
802 4079 869 4131 fiant
888 4077 1069 4146 confectaque
1087 4075 1187 4130 durare
1206 4073 1315 4142 possint

169 4172 220 4224 aut
237 4185 313 4239 ‘quae
336 4168 446 4237 reliqua
470 4168 542 4221 sient
565 4167 699 4222 conficere
722 4184 738 4220 u
828 4165 901 4220 sient
924 4165 1051 4220 confecta
1074 4164 1232 4230 Iucundos,
1261 4162 1315 4216 siet

169 4262 296 4332 confecta
310 4277 337 4330 A
356 4270 413 4346 sifjt
431 4275 586 4330 confectae
606 4273 676 4328 sciet
695 4273 851 4328 confectae
868 4273 917 4326 fiet
931 4271 1058 4327 confecta
1074 4274 1091 4339 f
1157 4276 1190 4323 14
1205 4267 1230 4322 ei
1245 4285 1314 4336 opus

174 4365 230 4418 VR
249 4365 308 4420 eius
327 4382 397 4434 opus
412 4365 439 4417 A
513 4366 544 4416 15
559 4360 660 4415 uilicus
674 4360 721 4414 Ac
739 4358 849 4413 uillieus
868 4359 912 4414 Vb
984 4359 1080 4414 sedulo
1100 4374 1129 4412 se
1148 4358 1247 4412 fecisse
1267 4357 1313 4412 Vb

132 4464 147 4489 ·
170 4452 298 4537 sedolosa
315 4453 413 4510 fecisse
427 4453 495 4520 Acf
566 4459 597 4508 16
618 4449 753 4520 effecisse]
773 4449 872 4504 fecisse
892 4466 906 4503 c
