2994 5018
211 356 218 369 ,
251 309 295 371 42
743 307 898 364 CATONIS

109 536 115 547 ,
214 479 434 555 2postremum
449 477 514 535 lieri
529 483 654 591 oporget.
693 483 801 536 terram
816 495 886 536 cave
901 478 1044 537 cariosam
1060 485 1177 538 tractes.
1214 496 1283 555 ager
1297 477 1401 540 rubri·

251 601 338 643 cosus
358 590 387 642 et
407 590 485 643 terra
499 580 588 662 pulla,
601 585 758 663 materina,
781 583 913 664 rudecta,
931 583 1084 664 harenosa,
1108 586 1179 645 item
1194 603 1269 663 quae
1284 603 1400 670 aquosa

251 708 309 750 non
334 692 404 770 erit,
428 690 470 749 ihi
488 688 624 767 lupinum
643 688 754 749 bonnm
778 691 836 751 fiet.
873 692 904 750 in
929 699 1010 750 creta
1034 699 1064 750 et
1086 689 1196 769 uligine
1220 698 1250 751 et
1273 691 1399 753 rubrica

251 804 281 856 et
304 798 355 874 qui
374 814 443 875 ager
462 814 592 875 aquosus
607 797 676 875 erit,
701 815 801 857 semen
820 797 961 858 adoreum
976 800 1164 875 potissimum
1179 799 1279 858 serito.
1317 817 1399 877 quae

250 902 313 964 loca
337 890 419 964 sicca*
443 912 473 964 et
500 922 559 963 non
585 902 713 962 herbosa
736 911 836 984 erunt,
860 912 962 984 aperta
986 904 1022 964 ab
1045 904 1163 979 umbra,
1190 904 1232 964 ibi
1259 907 1429 968 triticum⁵

134 1007 231 1065 XXXV
249 1012 349 1070 serito.
389 1009 484 1070 labam
508 1012 538 1070 in
567 1009 640 1070 locis
669 1009 771 1070 validis
799 1029 858 1071 non
887 1010 1064 1072 calamitosis
1093 1013 1192 1072 serito.
1235 1013 1341 1073 viciam
1365 1022 1399 1076 et

250 1118 368 1178 faenum
386 1136 526 1197 graecum
546 1135 633 1195 quam
648 1119 768 1177 minime
783 1117 919 1179 herbosis
933 1118 1006 1179 locis
1026 1121 1125 1178 serito.
1163 1118 1317 1201 siliginem,
1343 1123 1397 1181 tri-

251 1228 342 1286 ticum
357 1227 388 1285 in
402 1223 467 1284 loco
482 1231 584 1302 aperto
599 1223 687 1302 celso,
702 1223 754 1284 ubi
769 1223 813 1284 sol
828 1243 915 1303 quam
930 1225 1097 1285 diutissime
1112 1228 1176 1306 siet,
1192 1228 1252 1286 seri
1265 1235 1396 1348 othet.

249 1331 352 1392 lentim
374 1333 405 1391 in
420 1331 544 1391 rudecto
568 1338 598 1389 et
621 1329 776 1391 rubricoso
800 1330 874 1411 loco,
898 1334 950 1410 qui
968 1331 1114 1393 herbosus
1129 1351 1188 1393 non
1203 1334 1268 1413 siet,
1291 1341 1396 1395 serito.

210 1432 406 1519 2hordeum,
440 1439 491 1516 qui
518 1418 602 1498 locus
630 1455 724 1498 novus
753 1440 811 1498 erit
839 1446 890 1498 aut
918 1441 970 1517 qui
1002 1439 1143 1500 restibilis
1176 1440 1241 1500 fieri
1272 1447 1324 1518 pot
1344 1443 1396 1522 rit,
1413 1451 1441 1491 1⁰

248 1548 348 1606 serito.
389 1547 584 1623 trimestrem,
613 1562 671 1622 quo
700 1546 731 1604 ln
759 1543 823 1604 loco
853 1547 1009 1605 sementim
1037 1554 1183 1607 maturam
1210 1547 1307 1606 Iacere
1331 1565 1395 1608 non

247 1653 381 1731 potueris
400 1658 430 1710 et
449 1652 501 1728 qui
514 1647 597 1709 locus
611 1648 753 1710 restibilis
768 1651 964 1711 crassitudine
979 1652 1045 1711 lieri
1058 1656 1176 1734 poterit,
1191 1654 1251 1713 seri
1265 1662 1396 1732 oportet.

248 1714 380 1837 raffiham
404 1765 434 1817 et
457 1757 536 1817 coles
565 1759 669 1836 rapicii
699 1757 777 1817 unde
801 1759 873 1818 fiant
896 1768 926 1819 et
949 1759 1083 1837 raphanu
1137 1762 1168 1820 in
1191 1760 1256 1821 loco
1280 1723 1395 1822 stoico·

247 1873 311 1926 rato
335 1864 410 1925 bene
434 1876 485 1925 aut
507 1867 538 1924 in
561 1864 626 1924 loco
646 1882 746 1924 crasso
770 1867 869 1925 serito.

118 1967 229 2026 XXXVI
336 1971 417 2042 Quae
432 1980 562 2050 segetem
577 1979 751 2032 stercorent.
793 1979 909 2033 stercus
928 1972 1129 2034 columbInum
1151 1993 1322 2054 spargereo
1366 1996 1395 2037 r·
1410 1993 1439 2033 15

246 2087 288 2140 tet
311 2081 342 2139 in
365 2085 484 2157 pratum
507 2077 553 2137 vel
576 2080 607 2138 ln
631 2076 751 2138 hortum
774 2078 820 2137 vel
842 2081 873 2138 in
893 2087 1031 2161 segetem.
1069 2083 1237 2161 caprinum,
1261 1995 1394 2165 ontiim,

246 2185 399 2266 bubulum,
422 2187 493 2245 item
513 2193 645 2245 ceterum
670 2192 786 2245 stercus
801 2204 887 2245 omne
903 2186 1005 2247 sedulo
1021 2196 1202 2249 conservato.
1240 2207 1394 2252 amurcam

246 2310 366 2372 spargas
389 2292 435 2352 vel
454 2295 565 2372 inriges
584 2293 620 2353 ad
640 2291 774 2352 arbores:
799 2294 912 2352 circum
931 2295 1026 2371 capite
1041 2296 1151 2354 malora
1166 2296 1330 2377 amphoras,
1354 2299 1393 2360 ad

245 2403 358 2461 minora
382 2418 473 2460 urnas
488 2420 555 2462 cum
571 2418 663 2479 aquae
679 2399 800 2458 dimidio
825 2399 937 2479 addito,
962 2399 1135 2479 ablaqueato
1150 2405 1234 2481 prius
1249 2422 1308 2463 non
1322 2404 1393 2467 alte.

103 2496 226 2560 XXXVII
333 2506 414 2577 Quae
438 2508 513 2568 mala
536 2509 567 2567 ln
590 2513 690 2585 segete
710 2507 778 2566 siut.
815 2508 841 2565 si
856 2508 999 2566 cariosam
1014 2514 1124 2566 terram
1144 2515 1262 2568 tractes.
1299 2511 1392 2594 cicer,
1406 2524 1435 2565 20

316 2685 330 2732 1
350 2680 453 2734 terram
473 2695 540 2734 core
559 2695 580 2733 c.
600 2683 625 2733 5.
645 2682 682 2734 37
732 2683 924 2732 1755555515
944 2694 1059 2747 sparges
1077 2695 1098 2732 c.
1114 2683 1151 2734 93
1180 2678 1255 2734 Ptin.
1270 2683 1316 2746 17,
1329 2685 1392 2763 265

315 2774 350 2822 20
369 2768 393 2822 si
412 2768 547 2823 cariosam
566 2783 588 2821 c.
607 2771 632 2821 5.
652 2769 688 2831 34
760 2765 832 2819 cicer
850 2764 924 2821 Pleu.
943 2770 988 2833 17,
1007 2771 1043 2822 55
1052 2783 1089 2837 sq.

315 2915 329 2962 1
349 2907 559 2979 p'osteremum,
578 2909 624 2962 sed
642 2907 726 2962 deleto
740 2908 835 2975 priore
854 2923 869 2961 e
887 2907 915 2961 A
1412 2951 1419 2963 .

315 3004 329 3051 1
349 2998 381 3052 R.
400 2996 557 3052 XXXVIIII
576 2997 617 3050 De
636 3011 703 3066 egro
721 2995 864 3051 rubricoso
885 2997 978 3065 PAb,
1002 2998 1061 3051 elne
1083 2999 1195 3055 rubrica
1218 3005 1244 3054 ct
1260 3001 1326 3055 novi
1343 3016 1390 3057 ca·

238 3087 308 3156 petis
326 3087 464 3142 iodicioo
542 3083 716 3139 2515555155
733 3083 790 3138 PR
808 3071 930 3139 51555155
947 3086 975 3139 A
995 3086 1149 3140 atterinco
1226 3088 1390 3157 itemquae

249 3176 292 3230 Vb
311 3175 413 3243 itemq3
432 3176 479 3229 Ac
551 3172 1118 3240 3555515555111557551,5555515155
1142 3176 1168 3229 V
1236 3177 1302 3230 455
1319 3194 1390 3246 ager

244 3264 292 3332 qui
311 3281 431 3333 aquosus
456 3264 511 3317 VR
530 3266 559 3317 55
576 3278 660 3332 agero
680 3261 728 3330 qui
747 3278 868 3331 aquosus
887 3263 914 3315 A
941 3264 970 3316 55
988 3281 1055 3333 egro
1075 3264 1124 3333 qui
1143 3281 1264 3333 aquosus
1282 3265 1389 3322 lucun-

242 3354 293 3407 555
365 3353 518 3408 55555555
537 3353 574 3406 55
594 3350 694 3405 555555
711 3351 790 3405 ΡΑ5
862 3351 951 3405 unbra
968 3350 996 3403 A

313 3442 447 3498 511115
472 3442 514 3496 De
536 3440 603 3496 leba
625 3443 654 3495 et
672 3439 745 3494 nicia
764 3439 875 3509 siligine
898 3441 1003 3495 hordeo
1027 3442 1122 3510 (ordeo
1141 3443 1168 3511 5)
1192 3442 1390 3500 obicerentur
1419 3450 1424 3458 “

242 3530 320 3584 ΑΡ5
344 3530 411 3595 Quis
434 3530 503 3585 locis
525 3530 591 3584 fabo
614 3529 696 3599 siligo
725 3532 753 3584 et
780 3530 917 3583 hordeum
941 3530 996 3585 seri
1019 3531 1158 3586 debecho
1279 3531 1308 3585 in
1326 3534 1388 3590 colo

242 3617 337 3674 valido
360 3618 467 3686 fabem,
490 3619 592 3673 viciam
616 3633 682 3672 vero
706 3633 789 3686 quem
809 3617 923 3672 minime
941 3619 971 3674 in
990 3637 1095 3689 aquoso
1113 3620 1300 3690 herbidoque,
1325 3621 1387 3677 sili-

242 3707 336 3777 ginem
356 3709 384 3762 et
402 3708 527 3762 triticum
545 3706 575 3760 in
593 3706 655 3760 loco
675 3707 772 3776 aperto
794 3706 908 3762 Plinius
926 3713 972 3775 18,
990 3713 1044 3763 164
1120 3709 1223 3764 uictam
1242 3710 1272 3764 et
1288 3709 1386 3766 fenum

241 3798 268 3850 A
297 3795 399 3851 uicicm
427 3799 455 3851 55
477 3797 607 3870 1555555
636 3795 735 3851 citiam
759 3797 789 3850 et
805 3795 917 3851 foenum
942 3797 984 3853 Vc
1074 3797 1249 3854 8diutisime
1267 3798 1296 3852 A

242 3890 273 3939 11
294 3884 434 3939 trimestre
455 3884 569 3940 Plenius

314 3978 346 4027 15
370 3974 402 4030 R.
422 3974 484 4027 Xhl
508 3975 567 4040 Quo
592 3976 716 4044 segetem
739 3976 892 4030 stercorent
910 3975 992 4031 APb
1017 3977 1096 4042 Quod
1115 3979 1221 4032 stercus
1240 3977 1384 4047 praestan-

240 4063 297 4118 tius
316 4063 352 4117 ed
371 4064 529 4131 segetemo
606 4065 760 4119 stercorent
778 4081 792 4119 c
811 4066 965 4120 stercorant
984 4058 1089 4133 VAbf
1171 4073 1203 4121 16
1222 4067 1335 4121 hortum
1360 4067 1388 4120 V

241 4155 333 4208 ortum
351 4153 412 4207 AR
485 4158 516 4206 17
537 4153 678 4206 caeterum
702 4153 728 4206 V
798 4171 940 4209 amurcam
957 4172 973 4209 5
992 4172 1105 4210 amurca
1125 4155 1216 4210 PAR
1289 4161 1321 4210 18
1341 4156 1383 4211 in-

240 4243 315 4311 riges
334 4242 362 4296 R
379 4240 479 4312 irriges
504 4241 530 4294 V
544 4241 632 4311 iuges,
651 4243 697 4297 sed
715 4259 744 4296 55
763 4243 795 4296 irc
813 4260 914 4298 rasura
931 4245 959 4298 A
1031 4245 1170 4313 anphoras
1189 4246 1216 4298 A

311 4336 346 4385 20
360 4330 393 4387 R.
412 4329 489 4384 XLII
508 4328 586 4395 Quae
604 4329 727 4384 malain
745 4333 840 4400 segete
860 4335 925 4387 sunt
938 4333 965 4385 A
985 4331 1062 4396 Quoe
1082 4333 1156 4387 malo
1172 4333 1203 4387 in
1217 4335 1313 4402 segete
1327 4333 1384 4388 sint

246 4417 290 4474 Vh
388 4421 492 4476 tractes
518 4419 669 4488 Victorius,
696 4419 796 4474 trecies
816 4419 881 4492 Pcf
894 4426 919 4477 ct
942 4423 1043 4478 codt'ces
1058 4422 1192 4490 Victorii,
1224 4421 1337 4478 treicies
1356 4423 1381 4479 5.
