2994 5018
428 349 475 401 DE
496 346 583 401 AGRI
603 345 772 401 CVLTVRA
790 347 820 401 C.
844 346 1012 403 151-156
1237 344 1286 435 19Ἷ

143 518 323 597 pertundito.
362 515 391 575 id
415 517 444 574 in
470 523 612 594 suggestu
636 517 714 574 inter
738 514 814 573 dolia
830 516 958 592 positum
974 513 1094 594 habeto,
1119 516 1163 573 nti
1178 516 1208 573 in
1227 514 1287 573 cul-

144 624 222 684 leum
243 621 265 703 †
284 623 358 683 deco
383 625 483 682 vinum
508 621 595 682 salire
619 625 721 700 possit.
759 622 788 681 id
813 621 933 701 inpleto,
957 631 1059 712 postea
1083 621 1229 680 obturato.

233 729 290 789 Per
313 730 440 790 hiemem
465 748 569 807 aquam
594 729 630 788 de
655 747 725 806 agro
750 728 858 807 depelli
872 735 996 806 oportet.
1025 729 1056 786 in
1071 735 1170 786 monte
1194 727 1288 785 fossas
1307 727 1369 784 de

144 836 249 911 inciles
273 855 363 915 puras
382 836 491 897 babere
516 842 641 915 oportet.
679 837 773 913 prima
798 837 993 895 autumnitate
1024 851 1091 893 cum
1115 832 1211 910 pulvis
1235 839 1289 910 est,
1352 909 1360 921 Ι

117 951 208 1003 atum
232 945 357 1003 maxime
381 943 418 1002 ab
442 962 517 1022 aqua
541 941 707 1021 periculum
732 950 785 1003 est.
830 961 898 1002 cum
921 940 1024 1019 pluere
1048 940 1184 1017 incipiet,
1208 939 1289 997 lami·
1353 938 1359 951 '

144 1051 212 1111 liam
238 1068 306 1109 cum
330 1050 436 1109 ferreis
459 1048 643 1128 saeculisque
668 1050 749 1107 exire
764 1056 894 1128 oportet,
918 1046 1017 1106 incilia
1031 1047 1160 1125 aperire,
1185 1064 1290 1123 aquam

146 1156 287 1217 diducere
311 1158 342 1215 in
366 1158 427 1216 vias
456 1164 485 1216 et
509 1163 638 1232 segetem
671 1172 776 1214 curare
805 1163 921 1232 oportet
956 1156 1000 1213 uti
1027 1151 1107 1211 iiuat.
1149 1153 1180 1210 in
1214 1149 1328 1232 villa,2

147 1281 215 1323 cum
238 1262 334 1342 pluet,
358 1264 517 1322 circumire
537 1270 668 1341 oportet,
692 1262 789 1322 sicubi
803 1261 952 1340 perpluat,
976 1269 1006 1319 et
1022 1262 1138 1336 signare
1154 1259 1290 1336 carbone,

78 1398 80 1401 ·
146 1387 223 1431 eum.
240 1369 362 1429 desierit
385 1368 502 1450 pluere,
527 1372 571 1429 uti
593 1370 692 1448 tegula
711 1376 852 1429 mutetur.
889 1386 942 1446 per
966 1375 1097 1445 segetem
1115 1369 1146 1427 in
1162 1369 1290 1427 irumen-

107 1489 134 1531 1o
147 1479 188 1537 tis
211 1448 262 1535 aut
285 1478 315 1535 in
330 1483 430 1553 segete
446 1484 497 1536 aut
519 1479 550 1536 in
566 1478 653 1536 iossis
668 1461 764 1536 sicubi
783 1495 858 1554 aqua
878 1482 993 1535 constat
1008 1482 1058 1534 aut
1073 1473 1181 1553 aliquid
1198 1492 1290 1552 aquae

147 1582 258 1661 obstat,
282 1582 311 1642 id
336 1585 487 1663 emittere,
510 1584 644 1661 patefieri
668 1585 872 1662 removerique
897 1590 1023 1660 oportet.

238 1689 279 1748 De
302 1689 433 1749 brassica
458 1689 536 1767 quod
560 1692 727 1767 concoquit.
765 1688 895 1749 brassica
920 1696 965 1748 est
989 1706 1065 1766 quae
1080 1687 1218 1747 omnibus
1242 1688 1293 1747 ho-
1312 1687 1387 1745 obvi

148 1795 261 1856 leribus
285 1798 412 1858 antistat.
439 1815 516 1873 veam
539 1804 603 1856 esto
619 1796 664 1855 vel
679 1805 793 1856 coctam
808 1796 854 1856 vel
868 1796 1000 1856 crudam.
1038 1795 1159 1856 crudam
1173 1798 1199 1855 si
1214 1795 1292 1874 edes,
1458 1815 1480 1859 a

147 1906 178 1964 in
202 1912 319 1982 acetum
343 1905 512 1982 intinguito.
551 1903 675 1962 mirifice
700 1905 871 1982 concoquit,
895 1902 991 1961 alvum
1016 1901 1122 1961 bonam
1146 1903 1229 1982 iacit,
1253 1901 1293 1961 lo-

108 2013 283 2090 ratiumque
308 2010 344 2070 ad
368 2028 471 2071 omnes
495 2028 544 2069 res
568 2009 686 2070 salubre
710 2018 763 2069 est.
802 2011 827 2068 si
852 2008 930 2068 voles
953 2011 983 2067 in
1008 2011 1142 2069 convivio
1166 2008 1293 2069 multum

236 2188 268 2234 12
288 2183 328 2235 De
347 2181 471 2236 brassica
490 2182 563 2237 Piia.
585 2186 628 2247 19,
649 2185 691 2235 57.
710 2184 756 2244 20,
775 2185 811 2233 78
922 2185 953 2233 15
973 2179 996 2233 si
1015 2181 1092 2234 voles
1116 2181 1144 2263 in
1164 2180 1292 2234 convivio

156 2269 235 2323 Varr.
256 2270 277 2323 1
292 2274 312 2324 2

150 2381 361 2390 ———---
382 2386 386 2393 ,

225 2438 238 2483 1
258 2431 288 2484 in
307 2432 438 2500 suggestu
452 2430 566 2497 VA'bf
579 2430 609 2484 in
628 2433 762 2500 suggestd
782 2447 796 2483 e
813 2430 856 2483 his
876 2431 1022 2498 suggestus
1036 2430 1063 2482 A
1134 2429 1177 2482 uti
1194 2429 1222 2483 in
1237 2430 1293 2484 AR

149 2519 192 2573 nti
209 2519 262 2573 boc
281 2520 310 2573 in
334 2520 360 2572 V
439 2521 564 2573 'culleum
587 2519 816 2588 PAbaculeum
835 2520 870 2585 fa
961 2518 1161 2572 idacouinum
1181 2519 1238 2571 PA
1257 2519 1292 2573 de

151 2625 205 2676 quo
225 2606 322 2662 uinum
341 2609 452 2676 bVa'ct.,
480 2609 549 2662 deco
572 2609 686 2663 uinusc
714 2608 766 2661 dea
789 2605 922 2674 uinumf
945 2607 979 2660 de
999 2624 1032 2661 ea
1049 2607 1179 2661 uinumv
1207 2608 1241 2661 de
1260 2625 1293 2662 eo

150 2695 246 2751 uinum
268 2695 411 2762 Gesnerae,
430 2697 465 2751 de
484 2697 558 2751 dolio
577 2698 673 2750 uinum
690 2697 845 2751 Pontedera
858 2700 937 2764 add
1009 2696 1116 2764 inpleto
1131 2697 1157 2748 A
1176 2695 1293 2766 impleto

155 2785 211 2839 VR
283 2787 413 2840 obturato
432 2787 482 2840 toa
500 2787 556 2840 loco
581 2785 669 2839 VAR

221 2935 236 2981 3
256 2929 289 2981 R.
309 2877 419 2982 CLXIHI
442 2928 495 2981 Per
517 2928 639 2982 hiemem
658 2943 760 2996 aquam
786 2927 820 2982 de
839 2943 907 2996 agro
926 2927 1066 2996 depellere
1085 2927 1133 2979 Ab
1145 2926 1213 2981 Vter.
1242 2927 1294 2983 Per

150 3016 271 3069 hiemem
291 3017 325 3070 de
344 3034 411 3086 agro
430 3033 531 3083 aquam
550 3016 691 3085 depellere
712 3017 739 3069 P
755 3016 809 3069 Per
827 3019 956 3084 hyemem
975 3015 1009 3069 de
1029 3032 1096 3084 agro
1115 3033 1216 3084 aquam
1235 3019 1293 3086 pel·

152 3102 243 3156 lerea
351 3110 368 3156 4
386 3103 484 3158 inciles
502 3121 586 3172 puras
606 3106 646 3158 bo
664 3105 761 3158 inciles
780 3122 862 3174 paras
881 3106 908 3158 A
926 3106 1031 3160 incales
1050 3122 1133 3175 puras
1153 3122 1167 3158 c
1185 3105 1294 3158 incilles

152 3207 237 3260 puras
256 3190 385 3257 finciles
404 3192 508 3260 pellere
527 3211 610 3261 puras
628 3195 656 3247 P
670 3193 779 3248 inioiles
798 3194 900 3262 pellere
920 3212 1004 3262 puras
1023 3193 1183 3250 aadLaur.
1199 3197 1294 3262 3o,1o

220 3298 282 3334 cum
301 3278 394 3349 puluis
414 3285 457 3335 est
475 3281 563 3335 PAR
583 3299 645 3336 cum
665 3281 776 3350 plonius
797 3285 839 3334 cst
856 3299 872 3334 c
892 3299 954 3336 cum
973 3283 1070 3351 pluuia
1089 3283 1132 3335 est
1149 3279 1295 3336 Iracundus

223 3374 239 3422 5
259 3369 368 3441 pluere]
389 3369 498 3439 plueret
517 3373 543 3424 A
630 3380 645 3426 6
666 3372 748 3425 fereis
767 3372 817 3436 Af
903 3378 1032 3425 tcurare
1052 3372 1175 3441 oportet]
1197 3388 1293 3425 curare

152 3460 263 3528 oportet
281 3458 386 3521 incilia,
405 3460 451 3514 aed
469 3462 553 3514 deleto
571 3460 667 3514 incilia
687 3463 713 3513 A
787 3467 818 3512 11
839 3460 953 3515 emitere
973 3461 1022 3528 Af

224 3572 256 3617 12
277 3566 308 3619 n,
329 3564 423 3618 CLXV
442 3567 483 3620 De
501 3565 624 3620 brassica
644 3569 694 3634 (ael
714 3583 758 3621 -ce
778 3584 845 3621 corr.
866 3583 911 3620 -ca
925 3566 976 3629 Ab
996 3566 1071 3636 quod
1089 3566 1294 3622 medicamenta

152 3655 256 3707 habeat
275 3659 302 3706 et
316 3653 378 3707 aliis
392 3653 428 3706 ad
443 3653 611 3709 medicinam
620 3655 648 3707 A
675 3657 716 3710 De
732 3657 854 3711 brassica
868 3657 943 3724 quod
957 3657 1162 3712 medicamenta
1175 3655 1291 3727 habeat!

153 3744 182 3794 et
199 3741 263 3795 aliis
282 3743 318 3795 ad
337 3743 504 3796 medicinam
526 3743 730 3813 pertinentibus
752 3746 779 3797 P
805 3747 933 3799 Brassica
951 3749 1019 3815 quot
1042 3746 1247 3801 medicamenta
1265 3745 1294 3799 in

154 3847 182 3883 se
201 3828 306 3883 habeat
324 3834 353 3884 et
371 3830 434 3884 aliis
453 3832 489 3885 ad
512 3831 680 3886 medicinam
705 3833 910 3901 pertinentibus
929 3835 944 3888 b
972 3834 1101 3889 Brassica
1120 3837 1189 3904 quot
1207 3835 1294 3888 medi-

153 3921 283 3973 camenta
300 3918 330 3971 in
349 3935 377 3973 se
396 3918 501 3974 habeat
515 3920 662 3986 Victoriae,
681 3921 885 3976 Medicamenta
904 3923 1072 3977 brassicaeo
1145 3923 1295 3992 concoquit

158 4007 222 4061 Vbe
242 4007 419 4075 conquoqnid
438 4007 465 4061 A
484 4009 688 4078 conquoquitt
777 4010 919 4064 holeribus
940 4012 968 4064 P
984 4013 1105 4067 oleribus
1126 4012 1206 4066 ARo

153 4103 186 4151 13
206 4097 322 4151 antistat
338 4096 381 4150 Vb
402 4095 529 4151 antistite
548 4102 580 4151 at
597 4099 705 4152 ridetur
724 4116 791 4154 corr.
812 4099 930 4152 antistat
943 4103 969 4152 A
988 4103 1121 4156 antistate
1141 4119 1155 4156 c
1174 4102 1294 4157 aristate

152 4189 169 4252 f
245 4193 278 4240 14
297 4185 449 4255 concoquit
472 4185 537 4239 Voc
565 4189 743 4257 conquoqnid
762 4189 789 4241 A
817 4194 851 4242 cu
870 4189 1022 4256 quoquitf
1108 4197 1140 4245 15
1161 4191 1184 4245 si
1202 4192 1291 4261 voles]

153 4278 294 4331 rubricata
314 4277 332 4331 S
352 4280 444 4332 littera
467 4279 499 4332 a'a
521 4278 603 4333 initio
621 4295 714 4332 uersus
738 4280 850 4333 initiam
868 4279 934 4332 noui
952 4281 1068 4346 capitati
1085 4283 1239 4335 indicatura
1257 4286 1295 4334 est

153 4365 229 4417 irari.
248 4367 372 4422 steriliter
391 4370 489 4423 titteris
507 4369 659 4423 maioribus
672 4371 822 4422 rubricatis
840 4373 865 4422 et
883 4370 973 4438 spatio
992 4370 1022 4422 in
1039 4370 1093 4436 fine
1107 4368 1295 4438 praecedentia

76 4448 81 4455 '
152 4468 244 4506 aereas
263 4454 354 4508 relicto
377 4459 517 4512 distinctio
535 4459 669 4526 quaedam
688 4461 869 4526 capitulorum
892 4460 923 4513 ia
942 4458 968 4511 A
995 4458 1073 4525 sacta
1095 4464 1133 4513 est
1154 4461 1197 4514 hia
1220 4461 1295 4528 locta

206 4549 271 4590 Caro
287 4561 318 4589 nn
333 4561 392 4592 noar
407 4563 426 4595 o.
1067 4554 1080 4601 'r'
