2994 5018
471 356 519 408 nn
538 356 626 411 nom
645 356 816 410 cvnrvan
836 355 865 410 c.
887 329 1078 413 107-112'
1291 352 1331 416 73

190 531 220 585 et
243 524 329 584 diem.
366 532 469 603 postea
493 525 675 583 conmisceto
698 540 766 582 cnm
790 541 824 582 eo
849 524 916 582 vino
936 524 966 582 in
990 521 1069 582 dolio
1085 529 1115 582 et
1129 521 1252 582 oblinito
1265 530 1333 598 post

190 632 253 692 dies
272 647 328 691 Lx.
364 630 394 690 id
424 633 524 690 vinum
555 632 613 690 erit
640 630 705 689 lene
734 638 763 689 et
791 647 879 689 suave
908 636 938 689 et
965 629 1043 690 bono
1072 629 1171 688 colore
1199 637 1229 689 et
1256 627 1331 688 bene

189 737 354 798 odoratum.

277 844 406 905 Odorem
429 844 608 904 deteriorem
631 843 751 903 demere
775 846 851 904 vino.
888 851 994 904 testam
1018 844 1054 903 de
1079 843 1175 921 togula
1200 829 1328 902 crassam
1348 843 1391 900 CX

156 934 174 1011 's
189 970 296 1031 puram
319 952 453 1013 calfacito
477 954 508 1011 in
532 954 594 1029 igni
616 951 701 1011 benc.
738 950 791 1011 ubi
819 950 938 1030 calebit,
968 969 1031 1010 eam
1055 953 1166 1029 picato,
1194 949 1333 1010 resticula

189 1058 321 1149 alligato,
345 1067 452 1120 testam
475 1059 622 1119 demittito
641 1061 672 1151 in
687 1057 799 1118 dolium
813 1058 947 1118 intimum
961 1056 1082 1138 leniter,
1106 1059 1194 1117 sinito
1209 1056 1333 1117 biduum

190 1165 318 1226 oblitum
341 1165 461 1226 dolium.
499 1167 525 1224 si
544 1165 682 1244 demptus
701 1166 756 1224 erit
773 1165 846 1224 odor
861 1165 1004 1245 deterior,
1027 1165 1057 1224 id
1072 1166 1196 1244 optime3
1221 1166 1246 1223 si
1265 1181 1334 1243 non,

189 1274 309 1351 saepius
332 1273 436 1352 facito,
460 1291 554 1350 usque
578 1272 649 1332 dum
673 1271 793 1331 odorem
817 1271 926 1331 malum
949 1271 1122 1350 dempseris.

279 1378 311 1439 Si
335 1377 413 1438 voles
442 1380 534 1458 scire,
562 1381 593 1437 in
621 1380 722 1438 vinum
750 1396 825 1456 aqna
853 1379 950 1438 addita
979 1381 1017 1438 sit
1045 1396 1152 1458 necne,
1182 1377 1332 1438 vasculum
1351 1378 1406 1435 oxl

150 1503 177 1542 10
191 1487 279 1547 facito
303 1485 340 1545 de
364 1487 487 1545 materia
511 1485 681 1546 hederacea.
718 1487 819 1545 vinum
843 1485 886 1565 id,
911 1485 989 1563 quod
1013 1484 1132 1562 putabis
1155 1502 1262 1562 aquam
1283 1483 1333 1543 ba·

190 1592 275 1674 bere,
299 1611 334 1652 eo
358 1591 514 1652 demittito.
553 1593 579 1651 si
600 1591 722 1652 habebit
741 1610 859 1671 aquam,
884 1595 984 1652 vinnm
1004 1592 1118 1672 ellluet,
1142 1610 1218 1670 aqua
1236 1609 1334 1650 mane-

190 1699 261 1760 hit..
279 1718 347 1759 nam
370 1716 429 1758 non
454 1699 586 1759 continet
609 1700 710 1758 vinum
734 1717 784 1758 vas
806 1699 1013 1760 hederaceum.
1088 1774 1095 1787 υ

279 1805 387 1866 Vinum
410 1824 497 1866 coum
521 1808 547 1865 si
570 1806 650 1866 voles
674 1806 785 1886 lacere,
810 1826 916 1886 aquam
939 1826 974 1866 ex
995 1806 1052 1866 alto
1068 1809 1211 1866 marinam
1226 1809 1335 1867 sumito
1355 1807 1423 1863 Xml

190 1915 265 1973 mari
288 1913 463 1992 tranquillo,
487 1931 555 1973 cum
579 1920 685 1973 ventus
709 1932 768 1973 non
793 1916 863 1993 erit,
887 1915 950 1974 dies
970 1928 1040 1973 Lxx
1064 1922 1131 1973 ante
1150 1913 1335 1993 vindemiam,

151 2035 177 2075 ra
192 2040 250 2100 quo
275 2038 350 2099 aqua
375 2020 470 2080 dulcis
494 2037 554 2079 non
577 2022 739 2098 perveniet.
762 2004 829 2080 ‘ubi
852 2020 988 2081 hauseris
1011 2020 1048 2079 de
1062 2023 1145 2100 mari,
1169 2023 1200 2079 in
1224 2021 1335 2080 dolium

190 2127 338 2188 infundite
345 2174 353 2207 ,
378 2126 469 2187 nolito
493 2127 620 2207 inplere,
645 2127 887 2206 quadrantalibus
911 2129 1042 2206 quinque
1067 2129 1165 2187 minus
1185 2129 1223 2186 sit
1247 2145 1335 2205 quam

189 2235 319 2313 plenum.
357 2233 531 2312 operculum
554 2235 702 2313 inponito,
727 2234 887 2312 relinquito
912 2252 969 2313 qua
984 2236 1165 2312 interspiret.
1203 2233 1256 2293 ubi
1270 2234 1372 2294 diesi

189 2357 261 2402 xxx
284 2343 508 2423 praeterierint,
536 2342 736 2402 transfundito
760 2343 791 2401 in
814 2341 941 2402 alterum
970 2341 1082 2402 dolium
1104 2342 1221 2420 puriter
1245 2348 1275 2400 et
1298 2340 1336 2401 le·

150 2516 153 2521 ,
191 2449 283 2528 niter,
306 2447 466 2527 relinquito
490 2451 520 2509 in
544 2451 603 2508 imo
628 2450 707 2528 qnod
718 2449 880 2510 desederit.
917 2457 984 2528 post
1007 2450 1071 2509 dies
1089 2464 1136 2509 xx
1160 2450 1191 2508 in
1211 2448 1336 2508 alterum

150 2553 304 2614 rodolium
323 2557 394 2614 item
407 2557 622 2617 transfundito:
646 2559 686 2616 ita
701 2557 860 2637 relinquito
876 2557 1020 2638 usquead
1036 2556 1221 2618 vindemiam.
1259 2555 1336 2615 unde

264 2731 296 2780 13
317 2725 420 2780 Vinum
439 2745 519 2783 coum
539 2728 613 2783 Plio.
636 2732 682 2794 14,
703 2733 738 2783 79

265 2909 278 2956 1
299 2904 449 2959 comisoeto
466 2904 520 2958 VA
540 2904 717 2959 commisceto
737 2905 764 2958 R
855 2922 888 2959 eo
903 2921 952 2960 om.
973 2906 988 2959 b
1062 2905 1180 2960 oblinito
1198 2906 1264 2974 post
1277 2903 1337 2959 dies

191 2994 239 3048 LX
260 2994 415 3050 Grorrooc'ne
434 3016 439 3048 :
459 2995 523 3062 post
540 3010 591 3048 om.
616 2994 705 3048 VAR
777 2993 874 3049 aleno
892 3011 1023 3063 superscr.
1044 2996 1071 3048 A

262 3089 280 3137 4
299 3086 330 3138 n.
346 3082 474 3138 cxviiii
489 3081 609 3137 Odorem
628 3081 795 3137 deteriorem
810 3083 920 3137 demere
931 3084 1011 3138 APb
1032 3084 1150 3138 Odorem
1171 3084 1337 3138 deteriorem

191 3171 258 3227 uino
278 3172 388 3228 demere
406 3190 423 3226 o
519 3177 534 3225 '1
554 3188 609 3225 non
628 3171 750 3242 saepius]
771 3177 821 3226 noa
840 3175 861 3243 7
880 3173 942 3242 pius
962 3173 988 3225 A
1008 3189 1076 3227 corr.
1094 3178 1131 3227 no
1150 3172 1241 3242 sepina
1260 3173 1301 3226 A²

228 3268 350 3331 Susque
369 3278 419 3316 om.
445 3261 477 3326 V,
495 3261 558 3315 odd.
579 3260 641 3314 AR

262 3353 329 3406 ola.
350 3349 422 3404 CXX
447 3349 476 3403 Si
499 3351 578 3404 uoles
601 3350 671 3404 scire
697 3350 795 3405 uinum
822 3367 924 3419 aquam
949 3351 1035 3419 (aqua
1053 3351 1090 3418 A)
1118 3350 1224 3403 babeat
1250 3367 1337 3405 necne

191 3440 273 3495 APb
306 3440 336 3495 Si
358 3438 436 3494 uoles
460 3438 530 3493 scire
553 3439 584 3492 in
605 3439 702 3493 uinum
721 3456 794 3508 aqua
812 3439 910 3493 addita
929 3439 965 3493 sit
984 3456 1070 3493 necne
1088 3457 1105 3492 o
1203 3445 1236 3493 10
1255 3439 1337 3494 hede-

191 3545 274 3583 racea
291 3547 307 3583 o
326 3528 475 3584 hederacia
493 3529 538 3583 Pb
557 3522 703 3583 hederatis
721 3530 748 3582 A
754 3530 772 3597 f
785 3527 953 3597 hededratia
971 3545 985 3582 c
1092 3526 1121 3580 id
1141 3528 1216 3595 quod
1233 3528 1282 3583 Ro
1307 3529 1337 3583 id

192 3618 261 3687 quoi
278 3616 334 3669 PA
433 3623 464 3672 11
485 3618 583 3672 eodem
601 3617 709 3672 mittito
734 3618 822 3672 VAR
921 3623 953 3669 12
972 3634 1037 3671 nam
1056 3633 1105 3671 om.
1125 3617 1166 3682 A,
1193 3619 1258 3672 add.
1282 3617 1337 3672 VR

244 3702 341 3756 uinum
359 3711 372 3758 i
392 3722 440 3760 uas
459 3712 490 3760 nt
508 3708 624 3772 videtur,
643 3708 688 3761 scal
706 3708 789 3761 deleto
806 3708 856 3760 iA
911 3705 1096 3760 hederacenm
1114 3707 1163 3761 boc
1182 3708 1238 3762 loco
1253 3706 1337 3761 VAR
1386 3710 1402 3724 ⁸

265 3796 296 3843 13
320 3790 352 3847 R.
373 3793 459 3848 CXXI
477 3795 580 3848 Vinum
604 3812 684 3849 coum
709 3795 733 3849 si
756 3795 833 3849 uoles
861 3794 953 3849 facere
972 3795 1054 3848 APb
1082 3795 1186 3849 Vinum
1209 3812 1290 3850 coum
1314 3794 1338 3849 si

191 3879 284 3935 facere
302 3880 414 3936 uoleso
513 3883 616 3937 sumito
635 3883 683 3938 Ac
783 3889 816 3937 14
835 3884 910 3954 cum]
931 3899 993 3938 com
1011 3884 1039 3936 A
1139 3888 1172 3936 15
1191 3882 1338 3951 perueniet

192 3969 288 4024 PAR
306 3969 487 4039 perueniato
572 3972 678 4026 auseris
697 3971 724 4025 A
811 3979 844 4026 lo
862 3971 968 4041 inplere
987 3974 1014 4026 A
1032 3972 1149 4041 implere
1173 3971 1229 4025 VR
1303 3977 1335 4024 17

190 4057 319 4128 inponite
338 4057 366 4113 A
384 4057 523 4127 imponito
546 4058 602 4114 VR
639 4126 642 4132 η
674 4077 729 4128 que
748 4059 808 4114 AR
832 4061 914 4129 Vico,
934 4061 983 4130 qui
1003 4062 1029 4115 V
1096 4059 1260 4129 interspiret
1273 4059 1336 4114 A²o

191 4201 332 4257 intersiret
352 4201 380 4254 P
405 4203 478 4256 iter.
491 4204 554 4256 uret
581 4219 639 4256 nno
662 4202 754 4257 littera
772 4208 841 4257 ante,
853 4222 871 4257 u
890 4204 976 4258 deleto
994 4203 1021 4257 A
1049 4165 1224 4258 intersiretb
1249 4203 1335 4256 inter-

192 4289 276 4346 sciret
294 4309 308 4347 c
326 4291 400 4345 inter
418 4289 516 4358 sitetf
585 4297 618 4346 18
637 4291 832 4347 transfundoto
847 4309 914 4348 corr.
935 4293 1122 4347 transfundito
1137 4291 1165 4345 A
1236 4289 1337 4345 leniter

193 4379 286 4434 PAR
304 4380 439 4435 leuitero
529 4388 561 4436 19
580 4381 721 4436 desederit
739 4381 795 4452 Ao,
814 4383 860 4437 sed
879 4387 971 4451 apost
989 4399 1002 4435 s
1020 4383 1052 4435 a'n
1069 4397 1170 4436 rasura
1188 4381 1230 4448 A,
1250 4378 1336 4434 desci-

191 4466 264 4521 derit
283 4468 330 4522 Pb
349 4468 515 4525 desideritc
903 4476 906 4482 '
