2994 5018
413 339 460 392 on
481 340 568 393 aem
588 339 758 395 ovorvea
777 339 806 421 o.
829 345 996 402 145-1111
1227 341 1270 404 93

128 504 241 565 solvito.
289 507 315 564 si
338 514 454 582 emptor
477 505 582 584 legulis
606 515 636 566 et
660 506 834 585 foetoribus,
864 509 916 585 qui
944 506 1004 566 illie
1033 526 1107 586 opus
1137 509 1270 588 fecerint,

128 631 185 672 non
209 612 344 691 solverit,
369 614 418 672 oui
437 612 501 672 dari
521 613 682 692 oportebit,
706 615 732 671 si
747 612 888 672 dominus
903 613 992 693 volet,
1017 614 1116 674 solvat.
1155 623 1271 692 emptor

127 719 245 779 domino
270 719 376 780 debete
401 728 427 779 et
450 719 479 778 id
495 722 566 779 satis
582 720 661 799 dato,
685 738 798 798 proque
814 738 847 779 ea
871 738 903 780 re
928 722 967 780 ita
991 723 1035 780 uti
1054 735 1079 782 s.
1100 734 1125 781 S.
1144 736 1175 781 n.
1199 723 1270 781 item

127 827 245 903 pignori
269 834 366 886 sunto.

99 946 112 986 s
214 932 275 992 Hae
300 932 363 1011 lege
388 935 488 994 vinum
512 936 644 1012 pendens
669 937 769 994 venire
793 943 919 1013 oportet.
961 937 1096 995 vinaceos
1111 933 1222 995 inlutos
1241 943 1270 995 et
1290 937 1403 994 uxnvss

125 1039 236 1099 faecem
268 1039 438 1118 relinquito.
480 1041 563 1100 lorus
593 1043 669 1100 vinis
697 1041 732 1100 ad
757 1041 790 1101 li.
815 1041 917 1101 Octob.
941 1044 1052 1120 primas
1076 1041 1202 1101 dabitur.
1245 1043 1271 1101 si

125 1163 184 1204 non
208 1154 275 1205 ante
300 1146 367 1224 [ea]¹
385 1150 597 1228 exportaverit,
621 1148 758 1209 dominus
778 1152 844 1209 vino
861 1150 931 1228 quid
947 1149 1025 1210 volet
1039 1150 1133 1209 saciet.
1171 1125 1269 1208 retera

125 1251 185 1332 lex,
209 1271 284 1331 quae
309 1253 389 1313 oleae
414 1256 564 1333 pendenti.

212 1358 319 1419 Vinum
347 1363 377 1420 in
407 1361 493 1421 doliis
522 1361 578 1422 hoe
607 1363 693 1423 modo
722 1366 823 1423 venire
852 1371 977 1441 oportet.
1018 1364 1080 1422 vini
1104 1365 1133 1423 in
1157 1362 1269 1423 euiteos
1288 1364 1414 1422 deVlll

85 1487 110 1525 10
125 1466 257 1545 singulos
290 1467 495 1546 quadragenae
528 1478 558 1529 et
585 1470 718 1548 singulae
747 1488 838 1530 urnae
869 1470 1026 1530 dabuntur.
1069 1470 1147 1549 quod
1173 1488 1269 1549 neque

124 1582 206 1634 areat
237 1593 333 1654 neque
362 1583 491 1655 marceat,
525 1576 554 1635 id
585 1575 711 1637 dabitur.
753 1579 783 1635 in
813 1577 912 1636 triduo
942 1594 1086 1655 proxumo
1115 1578 1170 1635 viri
1198 1576 1268 1637 boni

124 1680 269 1741 arbitratu
292 1681 456 1760 degustato.
494 1684 519 1742 si
543 1701 602 1742 non
627 1685 666 1742 ita
691 1684 809 1763 feeerit,
834 1685 934 1743 vinum
953 1702 1008 1762 pro
1023 1682 1177 1760 degustato
1203 1686 1267 1743 erit.

124 1795 196 1864 quot
210 1773 283 1848 'dies
306 1808 360 1867 per
383 1791 535 1849 dominum
559 1808 641 1849 mora
665 1790 768 1869 tuerit,
792 1809 850 1868 quio
876 1791 974 1849 minus
998 1792 1099 1849 vinum
1123 1790 1268 1870 degustet,

15 1921 18 1925 <
122 1895 245 1956 totidem
269 1896 332 1957 dies
356 1899 484 1975 emptori
507 1896 679 1974 procedent.
717 1897 816 1956 vinum
841 1897 966 1973 aeoipito
991 1903 1057 1954 ante
1077 1895 1185 1956 111111.
1208 1899 1306 1974 pri-2

82 2021 192 2066 1511138.
218 2000 255 2063 ¹si
283 2023 343 2064 non
371 2013 438 2065 ante
468 2005 630 2082 aeoeperit,
665 2003 802 2063 dominus
831 2005 932 2063 vinum
961 2002 1145 2063 admetiatur.
1189 2003 1266 2081 qumi

121 2110 279 2171 admensus
311 2113 369 2171 erit
402 2110 552 2189 dominuS,
586 2128 640 2188 pro
665 2129 699 2170 eo
723 2109 872 2170 resolvite.
910 2111 935 2169 si
958 2117 1074 2186 emptor
1102 2109 1267 2188 postularit,
1311 2090 1317 2100 ’

121 2217 258 2279 dominus
283 2221 329 2279 ius
349 2219 507 2280 iurandum
526 2218 607 2278 dabit
631 2236 734 2278 verum
749 2218 863 2277 secisse.
892 2215 975 2276 lorus
990 2218 1066 2276 vinis
1081 2216 1115 2274 ed
1132 2216 1165 2275 Κ.
1180 2215 1268 2277 Oete-

121 2325 189 2385 bres
213 2328 324 2404 primas
344 2325 473 2386 dubitur.
510 2328 535 2385 si
555 2332 621 2386 aute
646 2344 705 2384 non
721 2325 934 2404 deportaverit,
958 2321 1095 2382 domiuus
1113 2324 1180 2382 vino
1195 2323 1266 2402 qnid

120 2431 198 2491 volet
221 2433 316 2492 faciet.
354 2442 453 2494 oetera
478 2432 537 2513 lex,
562 2452 637 2512 quae
663 2432 743 2492 oleae
767 2432 917 2510 pendenti.
923 2421 977 2524 ff

80 2559 107 2599 20
211 2537 274 2607 Qua
301 2538 365 2617 lege
398 2539 540 2619 pabulum
568 2539 725 2599 hibernum
754 2540 855 2599 venire
884 2545 1027 2616 oporteat.
1070 2556 1127 2616 qua
1155 2537 1265 2597 vendas
1284 2549 1385 2607 uxtlx
1424 2617 1428 2621 .

122 2644 174 2702 tini
202 2643 300 2704 dieite.
342 2645 481 2724 pabulum
511 2648 571 2707 srui
599 2649 725 2726 oeripito
756 2666 789 2706 ex
815 2646 876 2706 Kal.
902 2643 1137 2724 Septembribus.
1180 2653 1264 2722 prato

121 2752 200 2810 sieco
224 2751 359 2832 deeedat,
384 2752 434 2813 uid
458 2756 542 2831 pirus
557 2753 663 2813 florere
679 2755 824 2831 eoeperit:
848 2760 932 2830 prato
947 2753 1078 2831 inriguo,
1104 2751 1154 2811 ubi
1174 2769 1264 2828 super

189 2981 206 3027 4
224 2976 336 3046 pignori
353 2978 403 3032 boe
422 2978 478 3032 loeo
499 2977 590 3031 PAR
608 2976 718 3047 pignori
737 2996 753 3031 e

190 3065 258 3118 5R.
278 3065 362 3119 CLVI
382 3066 438 3120 Lex
458 3065 524 3119 uino
548 3066 694 3136 pendentis
713 3067 740 3119 A
769 3066 826 3118 Lex
851 3065 909 3119 uini
932 3067 1080 3136 pendentis
1102 3065 1129 3120 V
1148 3065 1176 3118 L.
1197 3065 1263 3119 uino

118 3153 300 3221 pendentisb
373 3153 478 3208 inlutos
501 3155 592 3209 PAR
610 3155 741 3209 illutose
816 3154 957 3209 dfaeeem
981 3155 1007 3208 V
1024 3155 1114 3208 fecem
1132 3153 1201 3208 Aac

190 3248 203 3295 7
225 3241 414 3317 exportaueris
438 3242 528 3296 VAR
617 3244 685 3313 quid
706 3245 782 3298 uoiet
801 3244 861 3298 An
877 3244 957 3309 Vtet,
977 3245 1051 3312 quod
1070 3244 1148 3298 uolet
1170 3243 1196 3296 V

117 3332 229 3385 caetera
253 3332 279 3384 V

189 3443 213 3491 9.
232 3439 264 3492 R.
285 3437 380 3492 CLVII
400 3439 458 3493 Lex
477 3439 542 3494 uino
562 3439 590 3493 in
610 3440 693 3495 doliis
708 3439 768 3494 AV
783 3440 812 3493 L.
832 3439 898 3492 uino
918 3439 946 3491 in
966 3437 1048 3492 doliis
1068 3440 1083 3492 b
1157 3438 1262 3494 eulleos

117 3561 187 3630 sing.
207 3563 235 3614 P
261 3541 362 3618 eolleo⁸
374 3563 437 3634 sing
456 3565 482 3617 A
502 3581 602 3619 euneos
621 3565 746 3634 singutas
766 3565 782 3618 b
801 3564 877 3618 eules
894 3546 940 3632 sig
960 3579 974 3616 c
994 3563 1085 3616 culeos
1105 3563 1168 3632 sing
1183 3565 1201 3631 s
1215 3581 1260 3618 eu-

118 3686 177 3739 leos
197 3685 319 3756 singulos
337 3704 353 3740 o
442 3694 472 3740 11
492 3705 629 3757 proxumo
650 3665 849 3758 Pep1·oxv¹1mo
869 3689 884 3743 b
904 3686 1030 3758 proximo
1045 3689 1094 3742 Ae
1112 3682 1123 3699 '
1168 3694 1201 3742 12
1221 3688 1261 3741 ui·

118 3792 183 3828 num
203 3807 237 3815 -
256 3781 333 3832 mora
351 3775 437 3832 fuerit
455 3779 486 3832 ie
505 3795 590 3848 remp.
606 3779 632 3831 A
739 3784 771 3831 13
791 3781 860 3846 quot
878 3777 938 3832 dies
957 3779 984 3831 A
991 3778 1024 3844 se
1043 3778 1117 3846 qnod
1137 3777 1196 3831 dies
1215 3778 1258 3831 Pe

118 3869 193 3985 quod
211 3917 270 3972 dies
290 3920 305 3973 b
399 3925 431 3974 te
451 3920 599 3975 admensus
619 3921 672 3975 erit
689 3938 739 3990 pro
759 3937 792 3975 eo
811 3919 939 3974 dominus
958 3938 1017 3974 rem
1035 3920 1137 3976 soluite
1157 3920 1258 3974 APbe

116 4007 281 4062 adoreneum
299 4007 352 4063 erit
368 4026 419 4077 pro
439 4025 472 4063 eo
492 4009 618 4064 dominus
637 4010 770 4064 resoluito
789 4027 817 4063 e:
838 4004 973 4064 resoluito
984 4041 1017 4049 -
1032 4011 1161 4065 dominus
1180 4011 1264 4076 oues

201 4103 233 4151 17
253 4096 325 4152 uinis
348 4098 404 4151 VR
423 4099 482 4152 uini
501 4099 527 4151 A
620 4103 651 4152 18
672 4099 738 4168 quid
757 4099 836 4153 uolet
855 4099 946 4152 PAR
965 4100 1039 4169 quod
1058 4099 1135 4154 uolet
1152 4117 1168 4153 o

117 4192 148 4240 19
168 4189 280 4248 caetera
304 4186 330 4239 V

184 4283 219 4332 ‘20
243 4277 275 4330 R.
302 4275 412 4332 CLVHI
435 4279 492 4332 Lex
515 4279 619 4347 pabulo
641 4280 702 4333 AV
728 4280 757 4332 L.
777 4279 916 4349 pabulob
988 4285 1019 4332 21
1046 4277 1093 4330 fini
1115 4277 1258 4332 Turnebus

113 4367 293 4433 odo.10,1e‚
313 4365 376 4419 finis
401 4367 489 4421 VAR
561 4373 594 4420 22
615 4367 662 4421 ubi
680 4369 755 4437 pirus
772 4369 796 4421 V
800 4370 836 4434 ef
849 4369 898 4421 ubi
917 4368 991 4436 prius
1012 4368 1057 4420 Ae
1131 4367 1275 4436 eoeperit.

117 4453 144 4507 V
145 4471 160 4506 e
179 4455 285 4523 ceperit
302 4456 329 4506 A
348 4456 455 4528 opperit
473 4457 488 4509 b
560 4456 670 4524 imiguo
692 4458 771 4524 PAf
785 4457 890 4524 irriguo
910 4459 967 4509 ben
