2994 5018
211 315 274 379 108
702 317 858 374 caroius

208 495 278 545 vere
301 485 405 563 primo
448 485 554 545 deinde
577 503 615 545 ne
638 493 705 547 ante
726 489 868 567 serueris‚
892 506 980 581 quam
1000 507 1160 568 asparagus
1179 499 1266 552 natus
1286 497 1352 574 erit,

94 572 100 589 ‘
170 593 188 650 3
210 610 246 651 ne
269 594 300 651 in
325 592 462 652 sariendo
484 592 600 652 radices
624 591 784 653 laedast
772 596 861 653 tertio
884 603 935 654 aut
959 604 1065 674 quarto
1084 615 1160 657 anno
1176 617 1352 678 asparagum

209 697 308 792 vellito
327 698 363 758 ab
382 699 490 759 radice.
532 718 600 759 nam
615 719 641 760 si
631 700 818 780 defringes,
842 702 951 779 stirpes
965 702 1038 762 fient
1052 711 1082 762 et
1096 705 1351 767 intermorientur.

209 823 305 884 usque
328 805 429 865 licebit
456 805 559 887 velles,
587 806 725 867 donicum
754 808 784 866 in
809 824 910 867 semen
939 807 1048 868 rideris
1072 810 1124 869 ire.
1166 830 1268 872 semen
1291 831 1360 907 ma·

209 920 311 973 turum
334 912 426 972 sitad
450 920 633 973 autumnum.
674 915 715 973 ita
738 932 805 973 cum
831 916 995 992 sumpseris
1009 932 1119 996 semen,
1142 918 1302 1019 incendIto,
1320 925 1376 978 eta

210 1038 278 1079 cum
309 1021 440 1096 coeperit
468 1037 628 1099 asparagus
656 1022 751 1099 nasci,
780 1021 871 1080 serito
901 1030 931 1080 et
954 1027 1126 1082 stercorato.
1168 1033 1236 1102 post
1259 1043 1351 1085 annos

210 1140 273 1186 vm
306 1133 357 1185 aut
389 1143 507 1206 novem,
538 1145 606 1186 cum
633 1128 691 1185 iam
719 1134 764 1186 est
792 1132 889 1206 vetus,
923 1127 1049 1206 digerito
1082 1137 1112 1188 et
1140 1131 1170 1189 in
1199 1148 1258 1208 quo
1287 1129 1352 1190 loco

171 1232 352 1312 Aposturus
376 1235 435 1292 eris
459 1241 569 1293 terram
592 1232 667 1292 bene
692 1232 821 1310 subigito
845 1241 875 1292 et
894 1240 1069 1337 οιοιοοιοιοὅ
1099 1235 1205 1295 deinde
1225 1236 1351 1296 lossulas

210 1338 311 1420 facito,
336 1357 393 1418 qua
416 1339 531 1399 radices
555 1341 690 1417 asparagi
717 1339 862 1399 demittas.
904 1340 1091 1400 intervallum
1120 1343 1157 1402 sit
1187 1360 1224 1402 ne
1252 1344 1351 1403 mInus

155 1481 158 1486 -
209 1446 301 1523 pedes
325 1444 457 1523 singulos
486 1447 564 1504 inter
593 1445 708 1505 radices
737 1447 879 1523 asparagi.
921 1445 1035 1525 vellito,
1063 1448 1106 1507 sic
1134 1449 1393 1527 circumfodito,1o

210 1560 243 1612 ut
271 1552 356 1612 lacile
385 1548 492 1610 vellere
519 1553 630 1628 possis:
663 1559 765 1612 caveto
801 1570 837 1611 ne
870 1553 1031 1630 frangatur.
1084 1560 1200 1614 stereus
1231 1554 1351 1615 ovillum

210 1677 299 1738 quam
321 1657 484 1735 plurImum
507 1658 551 1717 lac
576 1660 707 1737 ingeras:
735 1659 764 1718 id
789 1666 835 1718 est
858 1661 1002 1737 optimum
1026 1659 1151 1720 adeam
1173 1679 1251 1722 rem:
1280 1661 1353 1722 aliut

210 1772 327 1825 stereus
351 1763 458 1824 herbas
482 1771 570 1825 creat.

103 1878 193 1934 etxil
302 1871 422 1931 Salsura
444 1888 605 1950 pernarum
637 1879 667 1931 et
694 1871 797 1932 ofellae
825 1851 1007 1949 puteolanae.
1049 1891 1157 1951 pernas
1188 1875 1283 1935 sallire
1307 1878 1349 1934 sic

211 1987 329 2057 oportet
351 1980 382 2038 in
406 1977 483 2038 dolio
508 1985 559 2038 ant
576 1981 606 2038 in
626 1981 711 2038 seria.
754 1997 821 2039 cum
835 1997 943 2058 pernas
958 1982 1078 2059 emeris,
1102 1979 1227 2059 ungulas
1250 1998 1350 2040 earum
1364 2003 1392 2043 15

211 2086 383 2166 praecidite.
431 2085 500 2145 salis
532 2088 739 2183 romaniensis·
760 2087 856 2147 moliti
893 2089 923 2146 in
957 2087 1087 2165 singulas
1120 2088 1275 2148 semodios.
1320 2089 1352 2146 in

212 2193 303 2254 lundo
327 2192 399 2253 dolii
422 2201 473 2253 aut
496 2195 590 2253 seriae
615 2193 673 2253 sale
698 2195 836 2274 sternito,
860 2194 967 2254 detnde
990 2212 1113 2271 pernam
1136 2197 1251 2274 ponito,
1275 2213 1312 2254 eu
1314 2196 1366 2254 tis⁴

213 2301 337 2361 deosum
361 2307 488 2380 spectet
464 2300 572 2361 tsale
597 2299 752 2360 obruitot
739 2306 839 2360 t0.tam
881 2301 987 2360 deinde
1009 2301 1163 2362 alteram
1155 2319 1278 2378 insuper
1301 2318 1352 2377 po·

172 2408 287 2487 inito,
316 2408 420 2467 eodem
447 2407 534 2466 modo
563 2407 694 2487 obruite,
723 2416 824 2467 caveto
852 2426 889 2467 ne
919 2426 987 2466 caro
1016 2426 1134 2468 carnem
1161 2416 1270 2486 tangat.
1312 2409 1352 2467 ita

73 2722 77 2729 ,
299 2659 313 2705 1
334 2653 399 2706 ante
419 2651 538 2705 sarreria
559 2650 605 2704 Pb
611 2651 629 2717 f
635 2649 714 2718 Victg
733 2652 798 2705 ante
818 2651 921 2704 seueris
941 2667 1009 2705 corr.
1029 2653 1094 2705 ante
1113 2649 1222 2705 serioris
1242 2652 1268 2703 A
1287 2652 1352 2703 ante

124 2737 126 2741 ’
210 2740 364 2796 saffierisc
391 2747 457 2796 ante
476 2741 634 2795 serrieriso
733 2740 899 2810 asparagus]
925 2757 1046 2810 aspagus
1064 2741 1092 2792 A
1191 2739 1352 2793 isariendo

212 2831 315 2899 PAof
332 2831 474 2886 sarriendo
493 2846 527 2882 co
613 2827 703 2890 tercio
718 2831 745 2881 A
836 2835 852 2880 3
872 2826 983 2897 stirpes]
1004 2832 1100 2895 turpes
1118 2845 1186 2884 corr.
1206 2829 1304 2895 stirpes
1322 2828 1349 2878 A

281 2928 298 2974 4
316 2937 403 2988 usque
426 2918 534 2988 licebit]
549 2915 623 2984 ¹velli
646 2917 735 2970 donec
757 2916 786 2969 in
806 2933 899 2971 semen
918 2918 976 2983 eat,
1001 2916 1030 2969 id
1053 2917 1147 2970 autem
1167 2920 1348 2971 maturescere

210 3010 246 3063 ad
264 3026 313 3064 ver
330 3008 497 3076 incendique
518 3007 634 3060 Plinius
746 3011 762 3058 5
781 3011 946 3059 autumnum
964 3005 1032 3059 Aba
1055 3008 1206 3059 aucturum
1229 3004 1254 3058 V

211 3105 226 3152 6
247 3115 310 3152 cum
328 3097 452 3167 coeperit
475 3096 500 3148 V
523 3095 682 3164 conceperit
699 3095 727 3147 A
756 3110 840 3162 quum
859 3095 998 3167 cgpemtb
1027 3111 1090 3148 cum
1109 3094 1247 3164 ceperite

210 3189 301 3243 serito.
324 3175 354 3241 et
382 3188 534 3240 stercorato
562 3186 633 3251 Abf
661 3183 760 3238 sarrito
789 3189 818 3238 et
845 3184 997 3238 stercorato
1020 3181 1062 3236 Vc
1170 3190 1184 3237 ‘l
1212 3182 1277 3237 VIII
1300 3187 1354 3238 aut

210 3293 311 3331 nouem
331 3276 411 3329 PAb
440 3275 505 3328 VIII
523 3277 573 3328 eut
592 3274 701 3328 VllIIc
728 3272 794 3326 VIII
813 3275 862 3328 aut
887 3272 958 3325 [Xe
1081 3274 1245 3341 Sposturus
1265 3272 1353 3326 PAR

210 3366 386 3435 posituruso
458 3365 612 3418 stercorato
631 3362 711 3417 Aac
730 3365 882 3416 stercerato
903 3363 931 3415 P
1000 3356 1184 3416 fossulas'VR
1202 3363 1308 3416 losulas
1326 3361 1354 3414 A

282 3461 297 3508 9
317 3455 449 3508 demittas
473 3453 529 3507 VR
547 3452 672 3506 dimittes
690 3452 718 3504 A
792 3457 824 3505 10
843 3452 941 3505 ucllito
965 3450 1248 3523 Victorim,-puellito
1265 3450 1353 3510 VAE

301 3545 340 3598 sic
359 3544 523 3599 circnfodito
547 3543 573 3595 V
589 3544 612 3596 si
631 3541 797 3596 circdfodito
817 3543 843 3594 A
872 3541 911 3594 sic
930 3541 1114 3597 circunfoditt
1133 3543 1148 3595 b
1178 3543 1217 3594 sic
1236 3541 1352 3593 circum-

210 3634 349 3688 funditoc
422 3640 452 3686 11
473 3634 577 3686 uellere
593 3632 680 3685 PAR
699 3632 818 3685 euellere
837 3648 852 3684 c
927 3637 958 3684 12
977 3631 1092 3700 ingeras
1106 3630 1136 3683 id
1155 3634 1198 3683 est
1216 3629 1354 3697 optimum

215 3725 258 3778 Vb
277 3725 388 3793 ingeras
404 3723 455 3775 ·i·
471 3722 606 3793 optimum
624 3723 672 3776 Ac
714 3721 814 3775 ‘aliut
834 3722 956 3775 P.aliud
975 3721 1085 3785 Aliost:
1178 3735 1195 3765 ο

284 3838 317 3886 14
336 3833 367 3886 R.
388 3831 484 3884 CLXX
503 3829 617 3883 Salsum
636 3828 688 3895 (De
708 3828 815 3881 salsura
834 3829 859 3896 b)
883 3845 1032 3896 pernarum
1057 3829 1086 3880 et
1104 3825 1205 3880 ofellae
1228 3825 1355 3894 puteola-

210 3939 263 3976 nae
283 3921 362 3975 AVb
436 3919 549 3973 Salsum
568 3949 600 3956 —
619 3918 786 3986 puteolanae
803 3922 865 3984 post
883 3918 1021 3981 rubricam
1040 3933 1089 3970 ont.
1105 3915 1188 3969 VAR
1260 3913 1354 3967 sallire

213 4047 313 4099 PAbc
332 4043 414 4098 salire
432 4046 465 4112 se
576 4050 608 4097 16
628 4041 810 4097 romaniensis
833 4042 898 4109 ch
912 4019 1083 4096 romariensis
1103 4043 1118 4095 b
1137 4039 1307 4095 romanensis
1324 4037 1352 4089 A

300 4136 440 4189 semodius
458 4134 603 4188 Iracundus
703 4139 735 4185 17
755 4132 813 4186 sale
832 4132 949 4186 st·ernito
970 4131 1061 4185 PAR
1087 4132 1174 4184 salem
1194 4130 1310 4184 sternio
1282 4135 1353 4182 ο

214 4224 322 4279 ‘Salem
344 4224 468 4278 sternito
506 4224 632 4292 Antiqua
660 4224 736 4276 lectt'o
756 4221 828 4275 Sale.
864 4222 938 4274 Ante
963 4222 1056 4285 etiam,
1084 4220 1133 4273 ubi
1154 4223 1186 4274 de
1210 4221 1265 4288 lepe
1283 4215 1363 4271 oleae

212 4316 361 4381 sumendae
380 4315 447 4382 cpit,
465 4315 497 4368 in
515 4313 618 4377 itsdem,
637 4311 676 4364 Et
694 4312 832 4364 selescar
851 4309 1114 4363 usionl’Va'ctorc'os
1187 4313 1219 4360 18
1238 4307 1356 4359 deosum

213 4440 269 4494 PA
289 4441 416 4493 deorsum
436 4439 483 4493 Rc
592 4395 692 4491 obi-rito
707 4437 799 4503 premo
823 4436 879 4487 loco
898 4434 924 4486 A
