2994 5018
168 315 210 383 28
662 314 818 368 CATONIS

168 497 220 563 111,
244 480 330 541 sellas
349 498 385 562 v,
409 480 482 542 telas
507 481 610 560 togatis
626 481 707 561 duaS,
730 479 889 558 paullulam
911 481 999 565 pilam
1019 482 1071 543 ubi
1090 486 1223 544 triticum
1246 486 1311 561 pin·

126 595 144 650 3
166 597 210 648 sat
229 604 254 668 1,
278 588 430 648 fulloniam
449 605 476 671 1,
504 594 742 667 antepagmenta,
771 606 838 646 vasa
862 589 976 649 torcula
995 604 1030 650 11.
1076 591 1130 650 bae
1153 593 1200 651 rei
1219 598 1311 650 mate-

167 696 241 754 riem
261 705 290 755 et
314 716 388 774 quac
413 715 488 775 opus
512 708 582 756 sunt
605 696 743 755 dominus
765 694 919 772 praebebit
934 704 963 756 et
987 697 1022 756 ad
1042 716 1117 775 opus
1133 697 1226 777 dabit,
1251 716 1311 757 ser·
1344 695 1348 702 '

169 820 230 860 ram
254 817 274 882 1,
298 802 404 862 lineam
424 818 436 863 1
461 797 628 884 (materiem
652 803 802 862 dumtaxat
827 802 969 882 succidet,
993 803 1113 884 dolabit,
1136 802 1248 863 secabit
1271 804 1311 861 fa-

168 909 286 985 cietque
319 902 510 991 conductor),
545 907 685 987 lapidem,
714 908 837 987 calcem,
870 907 1023 988 harenam,
1056 928 1174 989 aquam,
1205 909 1311 988 paleas,
1341 921 1354 960 5

61 1091 65 1097 .
168 1022 278 1074 terram
308 1015 387 1075 tende
415 1015 510 1076 liittrm
539 1017 596 1075 liat.
635 1018 661 1074 si
689 1015 725 1075 de
753 1015 834 1074 caelo
858 1014 925 1075 villa
955 1023 1032 1075 tacta
1055 1019 1124 1096 sict,
1152 1017 1189 1076 de
1218 1035 1251 1075 ea
1280 1035 1312 1075 re

169 1121 258 1180 verba
282 1125 325 1182 uti
349 1122 427 1183 fiant.
473 1123 543 1183 huic
567 1124 651 1201 operi
673 1124 803 1200 pretium
828 1121 863 1181 ab
894 1123 1012 1182 domino
1036 1121 1127 1204 bono,
1157 1125 1209 1201 qui
1236 1121 1312 1182 bene
1395 1167 1398 1171 ‹

168 1228 308 1306 praebeat
331 1248 406 1308 quae
430 1249 504 1310 opus
529 1238 597 1290 sunt
621 1238 651 1290 et
674 1247 810 1289 nummos
835 1228 891 1288 lide
915 1228 990 1288 bona
1011 1229 1116 1309 solvat,
1144 1231 1175 1288 in
1200 1229 1313 1306 tegulas

130 1341 150 1397 4
170 1335 300 1413 singulas
320 1351 354 1396 11.
391 1335 420 1395 id
441 1344 551 1396 tectum
577 1338 620 1396 sie
645 1335 862 1396 numerabitur:
886 1334 983 1412 tegula
1007 1338 1122 1414 integra
1147 1354 1222 1414 quae
1246 1337 1312 1414 erit,

169 1460 244 1519 quae
272 1460 332 1501 non
360 1444 430 1521 erit,
458 1443 537 1502 unde
566 1450 670 1521 quarta
697 1460 766 1521 pars
795 1441 902 1523 aberit,
931 1441 1006 1502 duae
1036 1462 1089 1520 pro
1118 1461 1189 1522 una,
1222 1441 1356 1502 conii-10

169 1550 264 1607 clares
293 1567 367 1627 quae
391 1556 480 1608 erunt
511 1567 566 1628 pro
599 1548 677 1609 binis
710 1548 908 1629 putabuntur3
938 1549 1033 1609 uallus
1057 1558 1130 1628 quot
1153 1556 1255 1629 erum,
1283 1550 1314 1607 in

170 1653 300 1732 singulas
320 1662 479 1733 quaternae
504 1655 748 1715 numerabuntur.

258 1759 331 1820 Villa
359 1761 455 1839 lapide
480 1761 568 1822 calce.
607 1762 796 1821 fundamenta
825 1779 915 1840 supra
942 1769 1053 1822 terram
1082 1764 1170 1843 pede,
1199 1770 1315 1822 eeteros

171 1870 299 1946 parietes
328 1868 491 1948 exlatere,
520 1848 691 1945 iugumenta
719 1875 748 1927 et
776 1874 1000 1946 antepagmenta
1029 1887 1103 1946 quae
1128 1887 1203 1947 opus
1227 1877 1317 1928 erunt

131 1977 149 2035 5
170 1975 272 2034 indito.
311 1983 409 2035 cetera
428 1975 474 2034 lex
494 1977 538 2034 uti
556 1973 640 2034 villae
655 1993 691 2033 ex
706 1974 785 2034 calce
800 1977 968 2035 caementis.
1006 1977 1137 2053 pretium
1151 1977 1182 2034 in
1202 1974 1316 2053 tegulas
1331 1989 1357 2027 15

170 2081 300 2160 singulas
319 2096 369 2143 NS.
398 2081 462 2141 loco
491 2079 603 2140 salubri
634 2079 712 2139 bono
745 2080 863 2149 domino
892 2080 964 2141 baec
995 2100 1069 2160 quae
1098 2099 1188 2160 supra
1220 2082 1316 2159 pretia

169 2189 265 2268 posita
285 2194 367 2248 sunt:
391 2206 427 2246 ex
447 2189 530 2265 signo
550 2188 759 2265 manipretium
781 2190 846 2247 erit.
866 2187 930 2247 loeo
949 2187 1114 2267 pestilenti,
1134 2187 1186 2247 ubi
1205 2193 1316 2246 aestate

101 2292 106 2302 '
171 2297 235 2355 lieri
258 2314 318 2355 non
340 2301 453 2374 potest,
476 2294 553 2354 bono
578 2294 697 2354 domino
722 2313 790 2372 pars
814 2302 918 2373 quarta
941 2297 1020 2373 preti
1043 2295 1173 2355 accedat.

104 2403 151 2459 XV
259 2402 400 2463 Macerias
424 2421 460 2461 ex
484 2401 577 2481 calce,
601 2403 777 2481 caementiS,
801 2400 892 2462 silice.
928 2404 973 2462 uti
997 2402 1134 2461 dominus
1158 2403 1257 2461 omnia
1280 2400 1316 2459 ad

170 2527 245 2586 opus
273 2508 424 2589 praebeat,
449 2507 536 2567 altam
559 2523 587 2567 P.
608 2523 629 2568 v
654 2515 684 2567 et
707 2507 844 2567 columen
863 2523 892 2568 P.
911 2523 937 2588 1,
961 2527 1090 2568 crassam
1115 2523 1145 2568 P.
1164 2523 1176 2568 Ι
1195 2522 1225 2587 s,
1254 2507 1315 2566 lon·
1330 2515 1358 2552 2⁰

242 2687 256 2733 1
271 2681 362 2734 cellas
381 2678 407 2732 V
426 2681 455 2732 et
473 2678 559 2733 cellas
578 2679 684 2748 iugales
703 2678 771 2732 duas
791 2679 1062 2745 eod.Laur.3(),10
1134 2685 1150 2732 2
1169 2678 1315 2732 fulloniam

176 2768 267 2822 VAR
284 2767 447 2822 fullonicam
465 2784 551 2835 supra
570 2784 591 2822 c.
607 2773 644 2821 10
723 2766 802 2840 hprei
818 2767 863 2821 Pe
881 2773 906 2822 et
924 2768 1007 2821 codex
1026 2766 1151 2833 Victorii,
1169 2766 1247 2820 berei
1264 2765 1315 2820 Ab

170 2858 253 2911 herus
272 2873 287 2909 0
360 2863 375 2910 3
395 2855 474 2908 dabit
493 2854 619 2909 succidet
637 2855 745 2910 dolabit
763 2872 867 2909 serram
886 2855 898 2907 1
917 2854 1020 2909 lineam
1039 2855 1052 2907 Ι
1070 2855 1216 2909 materiam
1236 2854 1314 2906 dum-

170 2947 252 3001 taxat
271 2943 378 2999 secabit
394 2943 533 3014 facietque
550 2944 643 2998 PAR
657 2944 737 2999 dabit
756 2944 880 2998 succidet
898 2944 1006 2998 dolabit
1023 2942 1141 2997 lineabit
1154 2941 1317 3008 necabitque

171 3035 317 3090 materiam
331 3051 416 3088 unam
437 3033 573 3096 duntaxat
590 3049 606 3086 0
679 3039 694 3086 6
714 3032 748 3086 de
767 3048 801 3086 ea
818 3049 848 3086 re
867 3034 923 3088 uba
940 3033 983 3087 uti
1001 3033 1051 3086 fiat
1071 3030 1163 3084 PAR
1182 3030 1215 3083 de
1236 3046 1269 3083 ea
1287 3047 1317 3082 re

172 3124 212 3178 uti
231 3124 318 3177 uerba
332 3124 400 3176 fiant
415 3123 471 3176 eod.
482 3121 573 3176 Lacr.
590 3126 635 3187 30,
650 3126 694 3187 10,
713 3122 747 3175 de
766 3138 800 3175 ea
819 3137 847 3175 re
866 3121 953 3175 uerba
971 3121 1067 3174 diuina
1085 3119 1127 3173 uti
1144 3120 1214 3174 fiant
1231 3136 1246 3172 0

173 3213 327 3281 'ipretium
341 3211 403 3265 AR
421 3211 544 3281 precium
564 3211 591 3264 V
660 3212 826 3280 8prebebat
840 3212 867 3263 A
945 3210 1100 3279 flaingulas
1119 3210 1145 3264 II
1164 3209 1194 3262 id
1213 3210 1318 3263 tectum

173 3302 264 3355 PAR
287 3300 411 3370 singulas
435 3301 489 3354 duo
512 3300 541 3353 id
564 3301 671 3354 tectum
689 3316 713 3354 0.
736 3300 852 3366 fortasse
871 3299 994 3368 singulas
1012 3297 1075 3352 IIS:
1095 3299 1202 3352 tectum

173 3452 203 3498 11
225 3444 316 3499 uallus
335 3392 428 3511 (uatus
441 3443 479 3513 A)
499 3444 574 3512 quod
589 3445 671 3497 erunt
686 3442 778 3496 PAR
792 3441 821 3495 in
836 3441 898 3495 aliis
913 3443 982 3509 quot
996 3442 1078 3495 erunt
1091 3458 1107 3494 0
1176 3444 1209 3492 13
1219 3436 1316 3506 supra]

172 3551 260 3602 suppa
275 3549 344 3586 corr.
360 3549 444 3601 supra
457 3535 484 3587 A
556 3534 681 3586 caeteros
701 3532 728 3584 V
743 3533 877 3600 eeterosq;
896 3530 923 3584 A
998 3535 1030 3584 15
1049 3529 1139 3584 indito
1158 3529 1194 3582 be
1212 3525 1318 3580 indicto

175 3623 275 3688 PAcf
342 3624 454 3676 caetera
468 3623 495 3675 V
558 3623 601 3674 uti
614 3621 699 3674 villae
715 3620 903 3685 Seleucianae,
917 3618 959 3673 uti
974 3619 1043 3672 uilla
1058 3619 1135 3675 VAb
1149 3617 1192 3671 uti
1206 3614 1318 3670 domino

173 3711 271 3766 uillae
343 3710 477 3764 cementis
489 3710 581 3763 PAR
600 3712 726 3764 cemento
745 3726 761 3762 0
835 3716 867 3762 16
887 3707 1012 3776 singulas
1026 3725 1052 3760 n.
1068 3725 1081 3758 s
1097 3704 1179 3773 PAf
1193 3703 1319 3774 singulas

173 3800 241 3854 iisb
266 3800 390 3870 singulas
414 3800 464 3854 En.
485 3819 505 3854 s.
525 3818 539 3854 e
562 3799 686 3869 singulas
710 3799 764 3852 duo
776 3797 817 3863 ‚id
835 3798 879 3851 est
900 3797 930 3850 in
951 3814 975 3851 0.
995 3798 1111 3863 sortasse
1130 3795 1254 3864 singulas
1273 3790 1319 3845 IIS

252 3889 344 3959 pretia
362 3887 423 3943 AR
442 3887 537 3958 precia
561 3887 587 3939 V
667 3892 699 3940 17
719 3884 916 3954 manipretium
934 3886 962 3937 A
980 3882 1182 3953 manipreeinm
1198 3883 1226 3937 P
1242 3881 1320 3936 inani

172 3979 294 4049 pretinm
316 3978 344 4031 R
366 3977 444 4031 inani
467 3975 590 4044 precium
615 3993 639 4030 0.
670 3974 894 4045 ‘Maaapretiam
916 3974 1121 4042 eastipaua'mua
1158 3971 1197 4026 Ia
1219 3971 1321 4040 optimc

173 4075 262 4123 100100
290 4067 439 4136 exemplari
467 4063 674 4133 Manipretium’
704 4062 842 4116 Victorius
950 4068 983 4116 18
1010 4061 1086 4130 preti
1111 4061 1168 4115 PA
1196 4059 1280 4130 pretii
1295 4059 1319 4113 b

173 4175 259 4227 precn
278 4175 313 4212 ee

247 4253 279 4300 la
303 4247 335 4300 R.
355 4243 445 4299 XVIII
467 4243 509 4297 De
533 4241 661 4296 maceriis
685 4240 864 4295 aedificandis
883 4242 909 4294 A
919 4240 966 4294 Pb
994 4238 1132 4292 Maceriae
1158 4253 1214 4305 quo
1236 4234 1320 4288 modo

175 4335 390 4389 aedificenturn
475 4330 625 4384 Maceriam
640 4329 820 4384 8010010100οε
911 4325 1043 4380 cementis
1061 4324 1154 4378 PAR
1243 4328 1277 4376 20
1291 4324 1321 4377 et

175 4424 303 4480 columen
321 4443 347 4495 p.
368 4424 380 4477 Ι
399 4437 521 4478 crassam
540 4438 568 4490 p.
586 4420 599 4474 Ι
617 4437 637 4473 s.
657 4422 736 4486 (corr.
755 4436 782 4487 1.
803 4417 839 4487 ΙΙ)
863 4416 947 4485 longa
965 4432 993 4486 p.
1013 4413 1077 4467 xiv
1098 4414 1124 4467 A
1144 4413 1173 4466 et
1191 4411 1321 4466 columen
