2994 5018
197 342 242 405 44
680 337 847 394 ΟΑΤΟΝΙὸ

159 513 179 568 4
199 512 264 569 rito.
306 510 364 568 nisi
387 509 577 593 intermestri·
593 506 721 586 lunaque
736 505 887 566 dimidiata
902 505 994 585 [tum]
1009 527 1046 569 ne
1062 516 1164 588 tangas
1178 512 1340 570 materiem.

198 624 287 696 quam
310 615 430 676 effodies
454 624 506 676 aut
528 615 682 695 praecides
705 612 758 673 abs
783 620 874 695 terra,
897 614 1003 690 diebus
1026 631 1078 677 vn
1101 619 1253 697 proximis,
1277 620 1341 696 qui·

198 723 254 783 bus
278 722 346 782 luna
370 722 456 801 plena
480 723 583 800 luerit,
611 722 721 799 optime
745 721 900 780 eximetur.
938 724 1057 782 omnino
1088 731 1188 785 caveto
1212 742 1341 803 nequam

198 831 351 889 materiem
374 827 456 887 doles
479 845 538 886 neu
562 826 666 886 caedas
690 845 749 886 neu
772 833 883 907 tangas,
908 830 934 887 si
957 836 1054 909 potes,
1078 831 1134 889 nisi
1155 832 1263 890 siccam
1282 850 1341 892 neu

159 940 176 996 5
198 935 323 1015 gelidam
343 952 401 994 neu
421 934 611 994 rorulentam.
649 935 796 994 frumenta
810 930 833 1014 †
848 934 958 995 iacebis
978 938 1069 996 sarias
1088 955 1257 1015 runcesque
1276 915 1350 998 ave·¹
1371 948 1386 989 ⁶

198 1061 325 1122 namque
348 1042 524 1120 destringas.
566 1040 602 1100 de
630 1042 714 1100 vinea
743 1049 773 1100 et
795 1040 953 1102 arboribus
980 1046 1092 1121 putatis
1120 1050 1268 1104 sarmenta
1291 1044 1340 1104 de-

198 1169 268 1230 gere
292 1156 323 1210 ct
345 1141 487 1210 lascinam
506 1148 569 1207 lace
584 1153 615 1207 et
628 1148 696 1207 vitis
716 1154 746 1206 et
768 1146 847 1226 ligna
862 1150 894 1208 in
909 1151 1057 1209 caminum
1072 1149 1196 1210 liculnea
1212 1158 1242 1211 et
1261 1151 1339 1211 codi-

197 1257 281 1318 cillos
304 1257 423 1316 domino
447 1258 478 1315 in
502 1272 639 1315 acervum
666 1232 874 1345 conponess

47 1370 183 1429 XXXVIII
286 1362 449 1448 Fornacem
478 1361 632 1422 calcariam
660 1361 751 1441 pedes
779 1360 868 1422 latam
885 1377 909 1422 x
932 1363 1035 1444 facito,
1065 1362 1152 1424 altam
1176 1364 1267 1443 pedes
1285 1379 1341 1445 xx,

197 1470 347 1549 usquead
371 1471 461 1548 pedes
491 1477 552 1530 tres
580 1487 725 1529 summam
753 1467 845 1528 latam,
864 1469 999 1547 redigito.
1037 1472 1063 1530 si
1086 1489 1145 1531 uno
1169 1471 1340 1549 praefurnio
1356 1487 1385 1526 ιο

197 1596 321 1657 coques,
345 1576 478 1638 lacunam
502 1578 584 1636 intus
607 1594 742 1654 magnam
766 1576 867 1656 lacito,
891 1579 936 1636 uti
959 1579 1030 1638 satis
1054 1579 1111 1638 siet
1133 1577 1186 1639 ubi
1210 1581 1339 1639 cinerem

197 1685 357 1763 concipiat,
385 1703 423 1744 ue
447 1685 525 1743 toras
549 1684 588 1743 sit
611 1683 796 1763 educendus,
819 1684 1030 1767 tornacemque
1054 1684 1129 1746 bene
1154 1688 1275 1746 struito:
1300 1685 1338 1746 la-

160 1792 178 1848 2
198 1793 258 1851 cito
278 1791 371 1851 t'ortax
395 1797 487 1851 totam
506 1791 655 1849 lornacem
676 1787 806 1848 infimam
826 1789 1037 1869 conplectatur.
1080 1793 1105 1850 si
1123 1790 1239 1852 duobus
1258 1811 1342 1871 prae-

197 1899 304 1958 furniis
319 1916 438 1978 coques,
462 1897 567 1957 lacuna
586 1895 659 1955 nihil
680 1914 755 1975 opus
770 1898 835 1957 crit,
878 1915 945 1957 cum
961 1899 1060 1957 cinere
1076 1905 1161 1958 eruto
1181 1917 1256 1977 opus
1275 1902 1341 1980 erit,

196 2005 289 2065 altero
308 2005 479 2083 praclurnio
498 2005 608 2083 eruito,
632 2005 661 2062 in
681 2001 773 2063 altero
792 2005 870 2082 ignis
884 2005 949 2064 crit.
987 2007 1086 2082 ignem
1110 2012 1211 2082 caveto
1236 2024 1272 2064 ne
1296 2008 1339 2065 in·
1356 2017 1384 2058 1⁵

196 2113 343 2184 termittas
367 2113 440 2190 quin
464 2129 581 2189 semper
605 2111 673 2189 siet,
700 2127 773 2169 neve
797 2117 887 2170 noctu
911 2128 984 2170 neve
1007 2111 1067 2170 ullo
1092 2117 1225 2189 tempore
1249 2113 1339 2171 inter-

196 2221 331 2279 mittatur
350 2227 460 2279 oaveto.
497 2217 624 2297 lapidem
644 2215 756 2277 bonum
774 2218 806 2276 in
820 2217 971 2276 fornacem
985 2236 1074 2296 quam
1089 2217 1341 2299 candidissimum,

158 2333 285 2405 3quam
309 2327 411 2386 mium
453 2326 565 2385 varium
589 2323 692 2384 indito.
730 2340 798 2383 cum
821 2323 971 2384 fornacem
993 2325 1099 2405 facies,
1128 2325 1228 2385 lauces
1256 2344 1341 2405 prae·

197 2434 302 2511 cipites
321 2432 462 2492 deorsum
480 2432 595 2491 facito·
615 2429 667 2489 ubi
686 2431 757 2489 satis
776 2428 895 2509 t'oderis,
920 2437 984 2489 tum
1002 2431 1116 2492 loruaci
1130 2431 1227 2492 locum
1245 2435 1343 2514 tacito,

196 2540 241 2598 uti
264 2556 352 2616 quam
376 2537 518 2597 altissima
541 2544 571 2596 et
594 2554 683 2615 quam
705 2536 826 2594 minime
851 2543 970 2596 ventosa
990 2538 1054 2597 siet.
1092 2540 1236 2618 siparum
1251 2539 1340 2600 altam
1354 2546 1382 2586 2⁰
1409 2566 1413 2573 v

269 2715 282 2761 1
302 2708 357 2763 nisi
374 2707 546 2762 intermestri
566 2706 642 2760 Plio.
663 2709 781 2772 16,194
888 2711 903 2760 2
921 2723 1004 2774 quam
1023 2707 1137 2764 effodies
1156 2727 1177 2765 c.
1197 2713 1231 2764 31

269 2801 300 2849 17
319 2795 443 2865 lapidem
462 2795 567 2850 bonum
587 2794 665 2849 Ptin.
684 2797 730 2860 3⁶,
748 2798 803 2850 174

269 2944 283 2991 l
301 2937 474 2994 intermestri
494 2938 541 2992 Pb
559 2943 584 2993 ct
598 2936 700 2993 codices
719 2937 836 2992 Victorii
853 2936 973 3008 inlffistri
986 2938 1014 2991 A
1032 2939 1236 2996 intermentric
1254 2941 1339 2995 inter-

94 3072 96 3078 ,
196 3026 311 3082 menstri
326 3027 344 3094 f
357 3027 386 3080 in
405 3027 568 3081 trimestria
640 3027 763 3095 lunaque
782 3025 930 3081 dimidiata
948 3045 982 3082 ne
1001 3028 1101 3098 tangas
1119 3029 1265 3085 materiem
1280 3031 1340 3083 tam

196 3119 247 3187 (uel
264 3118 342 3186 tunc)
361 3114 477 3170 effodias
495 3115 545 3168 aut
562 3113 706 3184 praecidas
725 3115 827 3170 codices
846 3114 939 3169 Plinii
956 3119 1001 3181 16,
1020 3121 1074 3171 194
1159 3124 1175 3171 2
1195 3118 1245 3172 abs
1264 3120 1340 3172 terra

199 3206 277 3260 PAb
296 3205 332 3259 ab
351 3206 426 3259 terra
444 3221 479 3258 co
567 3210 583 3257 3
603 3203 696 3258 omino
714 3196 748 3256 A'
761 3219 829 3258 corr.
849 3204 962 3258 omnino
981 3203 1021 3258 A'
1103 3211 1120 3258 4
1139 3205 1284 3260 materiem
1303 3207 1339 3260 bc

195 3293 342 3349 materiam
368 3292 423 3346 VA
441 3291 592 3363 matiems
675 3292 740 3363 nisi]
761 3292 790 3346 ni
809 3291 837 3346 A
914 3293 1120 3353 brorulentam
1137 3312 1153 3348 o
1172 3300 1198 3349 et
1217 3294 1339 3364 Plinius,

195 3384 363 3438 lorulentum
376 3397 446 3437 corr.
465 3381 636 3436 rorulentam
650 3380 678 3433 A
695 3381 864 3436 loculentam
880 3380 947 3435 Pbc
965 3380 1168 3451 torulentamf
1185 3443 1187 3447 ,
1233 3382 1339 3438 tacebis

195 3473 281 3527 sarias
301 3471 390 3526 PAR
408 3470 452 3524 bis
469 3470 531 3524 face
551 3469 652 3524 sarrias
670 3486 694 3524 u.
731 3470 847 3536 fortasse
864 3468 910 3523 fac
929 3469 971 3524 uti
990 3470 1077 3525 sarias

268 3566 284 3615 6
307 3559 339 3613 R.
362 3558 449 3613 XLIII
471 3559 513 3612 De
537 3558 620 3613 uinea
643 3558 672 3612 et
694 3557 840 3612 arboribus
862 3557 967 3626 putatia
985 3558 1080 3626 APb,
1107 3563 1166 3616 sine
1183 3563 1296 3617 rubiaco
1314 3568 1339 3616 er

196 3651 260 3705 noui
279 3650 377 3719 eapitis
395 3648 533 3703 iodieiov
638 3653 653 3701 '1
671 3647 787 3713 fortasse
806 3646 835 3700 et
852 3646 972 3702 fascinos
985 3646 1052 3702 'face
1071 3649 1184 3705 atritis
1204 3650 1292 3721 alliga
1310 3653 1339 3706 et

195 3739 276 3808 ligna
347 3736 481 3791 sarcinam
497 3736 588 3790 PAR
606 3735 762 3789 fiscinamo
834 3734 895 3789 face
914 3752 949 3790 co
967 3735 1059 3791 facere
1076 3737 1146 3804 be
1158 3738 1220 3792 lew
1239 3740 1267 3793 A

188 3826 293 3896 'lingna
310 3826 338 3879 A
409 3825 529 3880 ficulnea
545 3826 564 3893 s
577 3831 602 3879 et
620 3825 676 3880 cod.
692 3823 781 3878 Luur.
796 3827 899 3894 30,10‚
917 3823 1019 3880 ficulna
1038 3824 1136 3882 PAbe
1154 3827 1301 3883 fuculnao

227 3919 243 3968 8
263 3930 397 3983 compone
418 3914 476 3967 PR
494 3931 601 3983 copone
619 3912 647 3966 A
666 3911 825 3982 componito
843 3930 860 3968 o

268 4009 283 4056 9
302 4002 334 4056 u.
353 4001 454 4056 Xbllll
476 4002 518 4056 De
541 4000 652 4055 fornace
672 3999 821 4056 calcariam
840 4003 866 4055 A
894 4001 936 4058 Do
954 4003 1066 4058 fornace
1085 4000 1206 4057 calearia
1223 4003 1268 4058 Pb
1295 4004 1337 4058 De

195 4092 307 4147 fornace
325 4092 485 4146 calcareav
577 4096 610 4143 10
628 4089 664 4143 ad
682 4090 768 4159 pedes
787 4092 844 4145 tres
863 4092 900 4146 bo
928 4092 965 4146 ad
987 4092 1050 4162 ped.
1069 4092 1126 4146 tres
1147 4091 1225 4147 PAc
1314 4092 1337 4146 si
1420 4127 1423 4133 ·

195 4182 261 4237 uino
280 4197 349 4237 corr.
370 4181 393 4234 si
411 4196 466 4235 uno
485 4180 512 4232 A
591 4185 623 4232 13
643 4179 835 4249 conplectatur
852 4180 879 4235 A
899 4181 1102 4250 complectatur
1127 4180 1183 4234 VR
1219 4183 1220 4187 ’
1259 4198 1336 4250 prue-

195 4269 295 4325 furniis
309 4271 359 4323 Ao
374 4267 530 4339 praesumis
545 4267 611 4335 Pcf
618 4250 774 4337 pracfurdis
793 4270 809 4324 b
883 4275 916 4323 14
933 4269 1022 4324 nichil
1040 4251 1142 4339 opudrit
1159 4271 1187 4324 A

197 4363 230 4412 18
250 4376 313 4412 eum
330 4357 471 4413 fornacem
495 4357 539 4413 Vc
557 4356 751 4412 confornaeem
769 4358 795 4411 A
816 4375 902 4426 quum
919 4358 1062 4413 fornacem
1081 4360 1096 4413 b
1187 4364 1222 4414 20
1241 4357 1337 4413 uento·

196 4441 284 4507 satiet
300 4447 329 4502 A
