2994 5018
232 330 275 395 40
715 330 874 388 CATONIS

232 506 318 565 venio
343 505 452 558 austro.
494 505 558 558 tum
587 500 643 559 erit
666 499 854 578 tempestiva,
882 515 950 558 cum
979 516 1080 558 semen
1109 516 1196 558 suum
1225 505 1375 558 maturum

232 607 297 686 erit,
321 613 482 684 cavetoque
506 624 559 684 per
584 623 682 666 rorem
701 604 800 665 trabas
819 612 870 665 aut
888 603 978 664 doles.
1017 622 1092 684 quac
1115 606 1254 665 materies
1273 623 1375 665 semen

232 729 291 771 non
314 710 442 790 babebit,
468 730 535 772 cum
559 710 706 792 glubebit,
730 713 903 790 tempestiva
928 713 992 771 erit.
1037 718 1124 771 vento
1148 719 1249 771 austro
1273 718 1375 772 caveto

232 836 359 896 nequam
383 820 537 879 materiem
562 837 635 878 neve
659 820 760 879 viuum
784 825 893 879 tractes
916 820 975 882 nisi
998 819 1175 878 necessario.

115 939 214 997 xxxfl
320 923 427 984 Vineas
442 925 624 1004 arboresque
639 933 753 985 mature
769 925 831 985 sace
851 926 975 1004 incipias
990 931 1103 1004 putare.
1142 927 1215 984 vites
1230 943 1376 1003 propages
1393 945 1406 984 5

233 1030 344 1092 sulcos:
369 1050 472 1093 susum
496 1051 630 1111 vorsum,
659 1032 737 1110 quod
762 1033 826 1092 eius
854 989 950 1092 sadme
974 1033 1099 1149 pqpris,
1128 1033 1195 1092 vitis
1220 1031 1306 1092 facito
1331 1035 1376 1093 uti

233 1139 332 1198 ducas.
375 1138 496 1199 arbores
520 1139 576 1199 hoc
599 1139 686 1198 modo
715 1145 858 1217 putentur
865 1184 874 1218 ,
898 1139 972 1197 rami
995 1139 1040 1198 uti
1063 1138 1277 1219 divaricentur,
1301 1157 1376 1217 quos

233 1244 397 1325 relinques,
422 1247 519 1305 etuti
542 1253 624 1306 recte
648 1231 810 1305 caedantur
833 1251 863 1304 et
887 1262 923 1304 ne
947 1245 1071 1304 nimium
1091 1244 1190 1304 crebri
1208 1244 1376 1325 relinquan-

195 1360 212 1415 2
235 1358 291 1411 tur.
335 1353 409 1411 vites
433 1350 508 1427 bene
533 1351 693 1411 nodentur:
717 1368 771 1428 per
795 1367 897 1409 omues
922 1367 1018 1409 ramos
1038 1349 1195 1428 diligenter
1214 1358 1315 1411 caveto
1339 1371 1377 1412 nc

233 1459 322 1519 vitem
346 1459 524 1536 praecipites
552 1464 582 1517 et
611 1474 648 1516 ne
671 1458 796 1516 nimium
820 1459 1028 1535 praestringas
1070 1456 1192 1517 arbores
1220 1459 1308 1523 facito
1332 1463 1377 1520 uti
1394 1477 1422 1516 io

234 1563 309 1625 bene
333 1565 456 1624 maritae
481 1565 539 1623 sini
564 1565 697 1642 vitesque
721 1564 767 1623 uti
790 1564 862 1622 satis
885 1562 994 1623 multae
1019 1563 1194 1625 adserantur
1218 1572 1256 1646 et,
1280 1567 1377 1628 sicubi

234 1671 309 1750 opus
333 1673 402 1751 erit,
433 1671 470 1730 de
494 1669 600 1730 arbore
624 1669 803 1749 deiciantur,
832 1671 876 1730 uti
903 1671 934 1728 in
962 1677 1072 1730 terram
1101 1669 1319 1754 deprimantur,
1348 1682 1378 1735 ct

234 1777 354 1838 biennio
377 1785 445 1857 post
468 1776 631 1857 praecidite
655 1783 778 1854 [effes.

103 1886 215 1945 XXXIII
323 1884 445 1946 Vineam
469 1885 511 1944 sic
536 1883 623 1943 facito
647 1885 691 1942 uti
714 1889 845 1943 curetur.
888 1884 976 1944 vitem
996 1882 1072 1943 benc
1091 1883 1229 1944 nodatam
1251 1884 1378 1965 deligato

234 1997 329 2070 recte,
353 1990 484 2051 flexuosa
508 1991 553 2049 uti
581 2007 618 2048 ne
648 1989 699 2068 sit,
733 2006 837 2050 susum
861 2006 980 2048 vorsum
1009 2008 1127 2068 semper
1155 1991 1270 2072 ducito,
1299 1994 1376 2071 quod
1394 2006 1423 2048 rs

235 2098 299 2156 eius
324 2098 443 2174 poteris.
473 2097 602 2156 vinarios
625 2095 825 2172 custodesque
848 2102 930 2155 recte
954 2095 1122 2175 relinquito.
1161 2116 1248 2176 quam
1272 2098 1377 2160 altissi-

235 2221 312 2265 mam
331 2205 445 2263 vineam
469 2204 557 2263 facito
581 2201 877 2283 QQILULPQ,
901 2201 1023 2262 dumne
1038 2205 1164 2264 nimium
1183 2208 1378 2285 constringas.

234 2312 291 2371 hoc
314 2310 402 2371 modo
428 2316 494 2370 'eam
524 2316 635 2370 curato.
678 2310 773 2388 capita
797 2311 900 2370 vitium
929 2328 983 2388 per
1012 2312 1166 2371 sementim
1196 2312 1378 2392 ablaqueato.
1471 2335 1473 2362 2

197 2419 350 2478 2vineam
369 2423 501 2497 putatam
525 2415 741 2494 cIrcumsodito,
764 2433 848 2476 arare
872 2418 882 2475 i
922 2418 1004 2497 ipito,
1027 2415 1107 2477 ultro
1126 2420 1261 2497 citroque
1281 2420 1379 2481 sulcos

235 2530 396 2602 perpetuos
429 2523 539 2584 ducito.
589 2525 664 2582 vites
700 2529 818 2616 ten-eras
846 2541 933 2602 quam
966 2526 1096 2602 primum
1127 2534 1302 2608 propagato,
1334 2530 1378 2588 sic
1392 2541 1421 2580 20

411 2664 448 2671 -ι

309 2727 757 2798 iinmerittempestivac.17
797 2788 799 2791 ,
831 2733 864 2782 16
883 2745 967 2797 quam
985 2728 1151 2785 altissimam
1171 2732 1282 2786 vineam
1302 2734 1377 2789 Plio.

235 2822 416 2887 17,195sqq.
1376 2838 1378 2842 ·

306 3003 392 3065 iper
409 3011 500 3049 rorem
518 3011 534 3048 v
552 2998 578 3048 et
596 2994 717 3060 Pliuiua,
734 3010 862 3066 perorem
880 2996 906 3049 A
925 2956 977 3065 per
994 3012 1116 3051 errorem
1137 2998 1220 3077 PR,
1283 3001 1379 3055 trahas

242 3084 298 3138 VR
316 3085 392 3138 bruas
409 3083 437 3136 A
527 3099 599 3151 quae
617 3083 749 3136 materies
768 3100 862 3138 semen
881 3084 1030 3154 Aliquae
1050 3103 1144 3141 semen
1168 3088 1194 3140 V
1281 3095 1379 3143 3cum

236 3189 376 3261 glubebib]
396 3205 459 3242 cum
478 3189 563 3259 glube
584 3189 675 3243 PAR
693 3204 757 3259 cum
776 3190 874 3260 glubet
885 3208 907 3250 ,o
974 3191 1116 3260 bepesbiuc
1133 3194 1159 3247 A
1215 3190 1333 3252 Audies
1352 3197 1379 3249 A

308 3284 324 3332 5
343 3278 375 3332 u.
395 3278 498 3332 XXXV
516 3275 611 3332 Alinie
630 3277 798 3347 arboresque
818 3280 975 3333 nimature
994 3281 1128 3349 putentur
1146 3283 1173 3335 A
1192 3283 1280 3356 Vineq
1299 3285 1379 3338 arbo·

236 3383 335 3436 resque
357 3369 390 3422 ut
412 3367 538 3420 maturae
563 3367 683 3435 (mature
702 3368 729 3435 b)
752 3369 884 3436 putentur
910 3368 958 3421 Pb
981 3367 1030 3422 Ubi
1053 3370 1180 3424 maturae
1199 3372 1310 3427 arbores
1329 3391 1379 3442 pu-

236 3458 364 3512 tenturo
454 3456 562 3510 mature
581 3456 630 3508 Ab
654 3456 781 3509 maturae
805 3456 831 3508 V
851 3458 993 3529 maturqc
1082 3476 1220 3530 propages
1239 3461 1268 3514 in
1287 3462 1379 3516 sulcos

139 3596 143 3602 ,
236 3545 381 3602 lucrandam
468 3544 570 3615 thoe]
589 3543 644 3598 huc
662 3559 730 3600 corr.
750 3545 850 3609 hocA
932 3546 1120 3613 9·noqdenbur
1138 3549 1164 3601 A
1248 3557 1281 3604 1o
1299 3566 1379 3619 prae-

238 3633 359 3703 stringas
374 3634 424 3688 Ab
442 3631 615 3703 perstringas
635 3632 703 3700 Vos.
723 3633 914 3703 praestringam
933 3651 966 3688 err
986 3635 1014 3688 P
1031 3636 1173 3691 adnotavit
1192 3638 1327 3692 Gesuerua

240 3727 270 3776 11
291 3720 364 3776 uites
382 3721 410 3774 A
432 3737 500 3776 corr.
521 3718 651 3789 uitasque
669 3719 710 3773 A⁹
802 3727 834 3774 12
854 3721 1009 3777 deiciantur
1028 3723 1084 3777 PR
1107 3723 1264 3780 deiciuntur
1283 3727 1309 3780 A
1333 3727 1378 3781 de·

234 3809 401 3865 iicianturo
476 3815 508 3863 13
527 3809 639 3865 biennio
657 3809 808 3864 incasura
825 3809 867 3863 A²

310 3904 343 3952 14
362 3900 394 3953 It.
413 3897 529 3952 XXXVI
555 3895 639 3951 Vinia
657 3899 689 3951 ut
707 3899 837 3952 curentur
855 3899 881 3952 A
905 3899 990 3954 Vinia
1007 3901 1040 3953 ut
1058 3904 1170 3957 curetur
1190 3904 1217 3956 P
1241 3903 1331 3959 Vinea
1348 3906 1380 3958 ut

237 3988 380 4043 cureturb
399 3987 491 4043 Vinea
509 3986 648 4056 quomodo
668 3988 778 4041 curetur
797 3989 826 4041 et
844 3988 924 4042 uetus
943 3992 1092 4045 renouetur
1109 4008 1125 4045 v
1200 3991 1316 4047 Vineam
1331 3994 1379 4046 Ao

237 4076 350 4130 Viniam
370 4077 418 4145 Ps
432 4077 521 4133 Viaca
540 4078 556 4131 b
574 4074 693 4131 Viniac
772 4080 883 4132 curetur
907 4080 963 4134 VR
981 4082 1111 4136 curenbur
1129 4083 1156 4135 A
1237 4089 1270 4137 15
1290 4099 1323 4137 ne
1344 4083 1380 4137 sit

244 4167 345 4236 VAbs
358 4166 481 4221 nescite
560 4182 673 4220 norsum
697 4167 723 4220 V
738 4184 851 4222 uersum
868 4168 928 4223 AR
1009 4186 1089 4239 seper
1106 4170 1134 4224 A
1216 4179 1248 4227 17
1268 4172 1379 4228 uincam

238 4255 286 4310 Ro
305 4254 412 4310 niniam
432 4255 490 4309 PA
582 4261 614 4309 19
633 4255 744 4310 uineam
762 4259 891 4326 putatam
911 4259 970 4312 AR
998 4258 1109 4314 uincam
1126 4262 1256 4328 puratum
1281 4262 1312 4329 V,
1331 4263 1380 4316 ubi

239 4346 368 4414 putatam
386 4345 542 4400 coniectura
560 4345 677 4398 correcti
692 4343 851 4401 Politiaous
922 4346 1116 4403 circumfodito
1130 4349 1176 4403 Ac
1195 4349 1379 4404 circunIodito

246 4432 290 4491 Vb
362 4430 474 4504 citoque
492 4432 521 4487 A
592 4438 627 4490 20
645 4434 756 4489 teneras
781 4434 837 4490 VR
855 4436 966 4490 tarenos
984 4436 1012 4490 A
1030 4451 1099 4492 corr.
1118 4436 1243 4492 terrenas
1261 4437 1303 4492 A²
