2994 5018
451 314 499 368 Du
518 314 607 370 AGRI
626 315 797 372 CVLTVRA
816 317 846 372 O.
866 318 994 377 50-54
1251 322 1294 384 53

150 502 231 543 mum
255 485 310 545 sub
335 485 426 564 qualo‘
446 484 616 565 praecidito.
655 483 775 563 qualum
798 487 922 547 incidite
947 505 982 546 cx
1006 490 1064 547 ima
1088 496 1171 567 parte
1190 507 1294 567 perpe·
1319 492 1336 547 2

40 573 43 581 ¹
149 599 248 672 tuum,
276 595 337 652 sIvc
361 592 434 652 calix
459 585 528 672 erit,
558 599 762 670 conquassato.
805 611 873 652 cum
902 612 936 651 eo
965 593 1051 671 qualo
1075 602 1127 654 aut
1150 594 1240 655 calice
1264 598 1294 655 in

150 697 254 758 scrobe
269 701 380 777 ponito.
418 699 520 759 eodem
540 699 626 759 modo
650 701 740 758 vitcm
770 700 870 780 facito,
899 718 962 759 eam
986 719 1062 760 anno
1090 709 1158 779 post
1181 704 1294 779 praeci·

148 806 210 866 dito
235 809 386 885 seritoque
411 825 478 866 cum
503 805 598 884 qualo.
620 805 696 890 ¹hoc
720 805 807 865 modo
831 806 909 884 quod
934 824 1027 883 genus
1050 808 1095 865 vis
1109 808 1293 885 propagabis
1308 806 1338 864 l(

122 927 135 968 5
239 912 383 993 Faenum,
411 914 463 974 ubi
486 921 604 992 tempus
629 915 699 993 erit,
728 921 826 973 secato
855 920 1016 993 cavetoque
1044 932 1081 973 nc
1111 932 1177 973 sero
1202 933 1293 975 seces.
1313 916 1373 972 bill

147 1023 321 1099 priusquam
346 1039 447 1080 semen
471 1027 620 1080 maturum
644 1021 708 1098 sict,
733 1027 840 1097 secato,
865 1027 894 1079 ct
914 1020 992 1098 quod
1012 1021 1156 1098 optimum
1175 1023 1293 1081 faenum

149 1129 218 1206 erit,
247 1145 382 1187 seorsum
406 1127 538 1206 condito,
566 1145 620 1204 per
648 1145 700 1186 ver
728 1145 795 1186 cum
825 1123 963 1207 arabunt,
992 1135 1148 1206 antequam
1173 1130 1292 1188 ocinum

148 1234 214 1314 des,
239 1234 318 1313 quod
343 1234 431 1294 edant
454 1236 548 1295 boues.
831 1226 836 1236 ’

237 1341 338 1402 Bubus
362 1340 502 1420 pabulum
527 1341 583 1401 hoc
607 1341 694 1401 modo
717 1343 816 1419 parari
840 1341 963 1420 darique
992 1349 1117 1460 ⁰PQ⁰A
1164 1343 1215 1402 ubi
1248 1362 1292 1403 se·
1311 1343 1384 1400 billi

108 1451 271 1508 10montim
297 1451 474 1528 patraveris,
503 1447 638 1526 glandem
667 1450 765 1526 parari
794 1448 910 1526 legique
939 1456 1056 1533 oportet
1080 1456 1109 1508 ct
1133 1451 1163 1508 in
1187 1468 1293 1528 aquam

147 1559 251 1616 conici.
294 1558 362 1617 inde
387 1555 533 1615 semodios
550 1553 682 1642 ‘singulis
706 1554 804 1615 bubus
827 1556 859 1614 in
882 1555 945 1616 dies
965 1518 1033 1614 dab
1057 1563 1186 1667 oportet,
1215 1564 1244 1615 et
1268 1559 1293 1616 si

147 1681 206 1722 non
229 1662 419 1743 laborabunt,
448 1642 607 1742 pascantur
635 1665 727 1722 satius
756 1664 826 1740 erit,
856 1671 906 1722 aut
934 1662 1064 1724 modium
1094 1648 1292 1744 iinaccorum,
1375 1724 1379 1731 ,

147 1789 222 1848 quos
246 1772 276 1829 in
301 1771 411 1831 dolium
436 1770 613 1831 condideris.
651 1769 783 1831 interdiu
806 1770 932 1848 pascito,
957 1776 1048 1828 noctu
1071 1769 1149 1829 faeni
1172 1785 1202 1829 P.
1222 1785 1292 1830 xxv

147 1879 199 1937 uni
222 1877 290 1938 bovi
313 1879 389 1939 dato.
428 1881 452 1938 si
476 1878 594 1938 iaonum
618 1895 677 1936 non
701 1879 771 1957 erit,
796 1875 931 1952 frondem
954 1875 1091 1953 iligneam
1116 1884 1145 1935 ct
1168 1876 1290 1936 hedera·
1315 1871 1332 1926 2

107 1996 230 2043 15ceam
253 1984 328 2046 dato.
370 1986 468 2064 paleas
496 1987 629 2045 triticeas
657 1991 686 2043 et
714 1983 906 2059 hordeaceaS,
940 2002 1010 2043 acus
1039 1983 1221 2062 fabaginum,
1254 1989 1319 2046 de·

146 2092 221 2151 vicia
254 2091 300 2150 vel
328 2092 364 2152 dc
393 2091 508 2171 lupino,
541 2094 611 2151 item
646 2091 682 2150 de
711 2092 819 2150 cetcris
850 2089 999 2170 frugibus,
1032 2093 1129 2149 omnia
1163 2091 1290 2152 condito.

146 2215 213 2256 cum
239 2206 400 2258 stramenta
424 2198 543 2276 condes,
568 2216 642 2275 quac
666 2197 877 2256 herbosissima
893 2205 989 2276 crunt,
1013 2199 1043 2255 in
1068 2204 1146 2256 tecto
1171 2198 1289 2257 condito

146 2313 177 2364 et
200 2305 259 2364 sale
284 2307 422 2383 spargito,
447 2304 553 2364 deinde
578 2322 611 2362 ca
635 2322 689 2381 pro
713 2303 798 2362 t'aeno
823 2304 898 2363 dato.
941 2302 992 2362 ubi
1016 2320 1106 2363 verno
1131 2304 1200 2364 dare
1225 2324 1289 2365 co·
1315 2298 1333 2354 3

146 2411 241 2489 peris,
272 2410 402 2470 modium
427 2410 540 2488 glandis
569 2418 620 2470 aut
647 2412 835 2469 vinaceorum
865 2410 932 2469 dato
961 2417 1012 2470 aut
1039 2410 1171 2470 modium
1195 2410 1290 2490 lupini

217 2584 377 2637 5Facnum
398 2585 474 2639 Puu
494 2590 539 2652 18,
558 2569 617 2641 26³0

218 2752 231 2799 1
255 2746 307 2800 ‘Ex
325 2765 380 2800 una
398 2749 477 2816 parte
496 2747 669 2815 perpetuum.
713 2745 748 2799 Vt
766 2746 797 2799 c'n
815 2744 958 2799 conuellis
975 2746 1126 2813 iueprcssr's,
1150 2747 1191 2798 c'tu
1209 2747 1290 2799 etcum

144 2836 176 2888 iu
194 2837 317 2904 antiquis
334 2837 378 2890 bic
397 2837 470 2891 Iocus
488 2837 530 2890 c'ta
547 2838 665 2904 scribtus
684 2840 738 2903 cst,'
748 2839 814 2888 uota
832 2839 923 2888 tamen
936 2834 961 2887 ei
974 2835 1065 2888 urendi
1079 2835 1219 2902 adposita,
1239 2836 1290 2888 ciii

144 2940 177 2976 cac
196 2926 359 2989 coniectura,
377 2929 497 2992 utputo,
516 2925 606 2993 Prope
621 2923 717 2992 imum,
737 2923 918 2992 custr'uaruut'
941 2921 1077 2976 Victorius
1149 2923 1217 2993 ima]
1234 2941 1290 2978 una

150 3012 234 3065 VAR
314 3015 480 3082 perpetuum
496 3014 587 3067 PAR
606 3030 692 3083 prope
710 3014 828 3066 imumo
901 3012 995 3066 2siue
1015 3010 1087 3066 calix
1101 3012 1162 3065 AR
1181 3011 1204 3064 si
1223 3029 1290 3066 uero

145 3100 218 3153 calix
241 3101 267 3153 V
349 3102 448 3172 calice]
470 3102 557 3156 calice
576 3102 603 3155 A
687 3103 716 3155 in
735 3102 774 3169 (in
793 3119 843 3156 om.
864 3102 899 3169 b.)
924 3100 1051 3154 scrobem
1069 3101 1166 3169 ponito
1186 3101 1246 3154 AR
1265 3108 1290 3157 et

144 3206 177 3242 ea
191 3188 383 3244 Laurentiano
397 3194 442 3256 30,
457 3195 493 3244 10
513 3191 681 3257 Pontianus,
700 3191 729 3243 in
749 3191 847 3245 scrobe
860 3189 952 3259 posito
974 3188 1000 3241 V
1051 3190 1289 3257 4pr0pagau1tA

216 3283 231 3331 5
251 3279 283 3332 R.
303 3277 378 3332 LXII
396 3279 437 3333 De
455 3278 571 3333 fenisica
590 3281 615 3331 A
635 3280 676 3333 De
695 3279 839 3333 faenisicia
859 3279 906 3332 Pb
926 3276 967 3331 De
986 3275 1166 3331 foenisicioo
1239 3279 1288 3332 Fe-

143 3385 210 3421 num
229 3368 255 3421 A
283 3368 407 3422 Focuum
433 3368 488 3421 VR
578 3370 658 3436 tepus·
676 3368 703 3420 A
795 3368 882 3438 seces]
903 3369 975 3421 setes
994 3369 1021 3419 A
1113 3368 1241 3420 fisenum
1261 3369 1288 3420 A

143 3457 239 3529 fenum
258 3458 273 3511 b
298 3456 411 3511 foenum
434 3457 476 3511 Vc
567 3463 582 3511 7
602 3457 712 3512 ocinum
734 3456 781 3510 Pb
802 3456 928 3511 occinum
947 3457 975 3510 A
995 3451 1106 3509 o⁰cinum
1126 3472 1140 3509 c
1159 3472 1288 3524 ocymum

143 3565 159 3600 o
249 3551 265 3600 8
285 3547 369 3601 edant
386 3564 403 3600 u
422 3547 509 3600 edunt
529 3546 620 3600 PAR
638 3552 663 3600 et
681 3547 782 3600 codices
808 3546 936 3611 Viderit,
956 3545 1105 3600 comedant
1123 3546 1180 3599 cod.
1200 3544 1287 3599 Lacr.

144 3638 241 3701 30,10
326 3636 411 3690 boues
430 3652 479 3691 om.
506 3636 591 3690 VAR

216 3728 231 3776 9
251 3723 282 3776 R.
302 3723 390 3778 LXIII
408 3724 503 3780 Bubus
516 3726 648 3794 pabulum
665 3726 691 3777 A
703 3725 729 3778 V
745 3724 816 3777 Bubi
830 3724 965 3792 pabulum
980 3725 995 3778 b
1067 3722 1203 3793 papulum
1218 3739 1287 3777 corr.

143 3812 277 3880 panarum
296 3812 323 3864 A
412 3813 472 3884 uu]
495 3814 537 3867 uu
555 3816 582 3867 A
610 3795 612 3811 '
675 3820 707 3867 10
726 3813 881 3882 patramus
900 3813 927 3865 A
951 3813 1106 3882 praemere
1127 3813 1194 3878 ref
1208 3828 1287 3879 paru-

104 3901 215 3971 ·ueris
235 3902 272 3955 bo
351 3907 381 3953 11
402 3895 514 3955 Ibodios
534 3902 561 3954 A
637 3901 697 3955 indi
714 3902 804 3956 indies
823 3903 850 3954 A
928 3909 960 3956 12
979 3903 1094 3956 modum
1112 3902 1139 3954 A
1211 3901 1288 3953 uina-

144 4008 255 4045 ceorum
274 3989 333 4044 AR
352 3989 524 4045 uiuaciorum
547 3991 573 4044 V
643 3997 675 4045 13
694 3991 751 4045 feni
770 3990 797 4045 A
816 3991 874 4062 feni
894 3993 909 4045 b
928 3991 1003 4045 foeni
1024 3991 1068 4045 Vc
1141 3989 1287 4044 itionum

143 4081 169 4133 A
189 4081 284 4149 fenum
304 4083 319 4134 b
338 4080 451 4133 foenum
476 4080 520 4134 Vc
608 4079 760 4151 iniigneum
781 4081 807 4133 A
893 4080 1069 4134 hederaciam
1090 4080 1139 4134 Pb
1158 4080 1286 4134 herdera-

143 4168 212 4222 tiam
231 4171 257 4222 A
278 4169 434 4223 ederaciam
454 4186 468 4224 c
487 4169 675 4224 ederatiamc
749 4175 781 4222 15
801 4171 830 4223 ei
848 4169 1017 4223 hordeaceas
1038 4169 1066 4221 P
1090 4172 1118 4223 et
1137 4170 1285 4223 ordeaceus

143 4259 210 4312 Ace
230 4260 259 4311 et
277 4256 438 4312 hederacios
457 4260 472 4312 b
546 4258 580 4311 de
599 4256 684 4328 vicia]
706 4259 779 4312 nicia
795 4257 887 4311 PAR
906 4257 1042 4312 uiciamc
1116 4264 1149 4312 16
1169 4259 1286 4313 caeteris

149 4345 176 4396 V
247 4351 278 4399 17
297 4347 482 4400 herbosisima
501 4348 528 4400 A
603 4352 634 4400 18
655 4346 717 4399 feno
737 4348 764 4399 A
783 4347 847 4420 igno
867 4349 882 4400 b
902 4348 983 4401 foeno
1009 4346 1053 4400 Vc
1125 4347 1290 4415 coeperiaV

144 4434 250 4503 ceperis
268 4436 294 4487 A
315 4435 421 4508 ceperis
442 4437 477 4490 bc
551 4441 582 4489 19
602 4436 780 4491 uinaccorum
801 4435 883 4489 PAR
901 4434 1108 4490 uinacIorumo
