<?xml version="1.0" encoding="UTF-8"?>
<!DOCTYPE html PUBLIC "-//W3C//DTD XHTML 1.0 Transitional//EN"
    "http://www.w3.org/TR/xhtml1/DTD/xhtml1-transitional.dtd">
<html xmlns="http://www.w3.org/1999/xhtml" xml:lang="en" lang="en">
 <head>
  <title>
</title>
<meta http-equiv="Content-Type" content="text/html;charset=utf-8" />
  <meta name='ocr-system' content='tesseract 3.04.00' />
  <meta name='ocr-capabilities' content='ocr_page ocr_carea ocr_par ocr_line ocrx_word'/>
</head>
<body>
  <div class='ocr_page' id='page_1' title='image "./mporcicatonisde00catogoog_0067.png"; bbox 0 0 2994 5018; ppageno 0'>
   <div class='ocr_carea' id='block_1_1' title="bbox 244 308 895 370">
    <p class='ocr_par' dir='ltr' id='par_1_1' title="bbox 244 308 895 370">
     <span class='ocr_line' id='line_1_1' title="bbox 244 308 895 370; baseline -0.011 0"><span class='ocrx_word' id='word_1_1' title='bbox 244 308 287 370; x_wconf 76' lang='lat'>60</span> <span class='ocrx_word' id='word_1_2' title='bbox 739 310 895 367; x_wconf 83' lang='lat' dir='ltr'>CATONIS</span> 
     </span>
    </p>
   </div>
   <div class='ocr_carea' id='block_1_2' title="bbox 103 478 1450 2469">
    <p class='ocr_par' dir='ltr' id='par_1_2' title="bbox 243 478 1396 649">
     <span class='ocr_line' id='line_1_2' title="bbox 243 478 1396 560; baseline -0.002 -21"><span class='ocrx_word' id='word_1_3' title='bbox 243 481 326 559; x_wconf 90' lang='lat' dir='ltr'>ipsus</span> <span class='ocrx_word' id='word_1_4' title='bbox 355 488 384 541; x_wconf 89' lang='grc'>11</span> <span class='ocrx_word' id='word_1_5' title='bbox 415 484 467 560; x_wconf 94' lang='lat' dir='ltr'>qui</span> <span class='ocrx_word' id='word_1_6' title='bbox 495 481 575 542; x_wconf 88' lang='lat' dir='ltr'>dabit</span> <span class='ocrx_word' id='word_1_7' title='bbox 604 483 691 542; x_wconf 80' lang='lat' dir='ltr'>facito</span> <span class='ocrx_word' id='word_1_8' title='bbox 715 488 748 541; x_wconf 90' lang='lat' dir='ltr'>ut</span> <span class='ocrx_word' id='word_1_9' title='bbox 772 489 897 560; x_wconf 87' lang='lat' dir='ltr'>uterque</span> <span class='ocrx_word' id='word_1_10' title='bbox 927 480 1094 540; x_wconf 78' lang='lat' dir='ltr'>sublimiter</span> <span class='ocrx_word' id='word_1_11' title='bbox 1118 486 1204 540; x_wconf 87' lang='lat' dir='ltr'>stent.</span> <span class='ocrx_word' id='word_1_12' title='bbox 1243 497 1312 538; x_wconf 88' lang='lat' dir='ltr'>raso</span> <span class='ocrx_word' id='word_1_13' title='bbox 1336 478 1396 558; x_wconf 89' lang='lat' dir='ltr'>lig·</span> 
     </span>
     <span class='ocr_line' id='line_1_3' title="bbox 244 589 399 649; baseline 0.019 -3"><span class='ocrx_word' id='word_1_14' title='bbox 244 606 299 647; x_wconf 90' lang='lat' dir='ltr'>neo</span> <span class='ocrx_word' id='word_1_15' title='bbox 324 589 399 649; x_wconf 86' lang='lat' dir='ltr'>dato.</span> 
     </span>
    </p>

    <p class='ocr_par' dir='ltr' id='par_1_3' title="bbox 143 685 1437 1188">
     <span class='ocr_line' id='line_1_4' title="bbox 143 685 1394 777; baseline -0.003 -21"><span class='ocrx_word' id='word_1_16' title='bbox 143 685 226 743; x_wconf 65' lang='lat' dir='ltr'>1¹)le</span> <span class='ocrx_word' id='word_1_17' title='bbox 332 696 391 755; x_wconf 92' lang='lat' dir='ltr'>Bos</span> <span class='ocrx_word' id='word_1_18' title='bbox 415 698 440 756; x_wconf 92' lang='lat' dir='ltr'>si</span> <span class='ocrx_word' id='word_1_19' title='bbox 464 704 616 776; x_wconf 77' lang='lat' dir='ltr'>aegrotare</span> <span class='ocrx_word' id='word_1_20' title='bbox 640 715 692 755; x_wconf 90' lang='lat' dir='ltr'>roe</span> <span class='ocrx_word' id='word_1_21' title='bbox 716 699 785 777; x_wconf 81' lang='lat' dir='ltr'>erit,</span> <span class='ocrx_word' id='word_1_22' title='bbox 810 697 876 756; x_wconf 91' lang='lat' dir='ltr'>dato</span> <span class='ocrx_word' id='word_1_23' title='bbox 901 699 1041 756; x_wconf 91' lang='lat' dir='ltr'>continuo</span> <span class='ocrx_word' id='word_1_24' title='bbox 1066 697 1093 755; x_wconf 86' lang='lat' dir='ltr'>ei</span> <span class='ocrx_word' id='word_1_25' title='bbox 1112 713 1205 754; x_wconf 80' lang='lat' dir='ltr'>rmum</span> <span class='ocrx_word' id='word_1_26' title='bbox 1224 711 1312 753; x_wconf 91' lang='lat' dir='ltr'>ovum</span> <span class='ocrx_word' id='word_1_27' title='bbox 1329 692 1394 772; x_wconf 93' lang='lat' dir='ltr'>gal-</span> 
     </span>
     <span class='ocr_line' id='line_1_5' title="bbox 243 716 1394 882; baseline -0.003 -21"><span class='ocrx_word' id='word_1_28' title='bbox 243 802 391 862; x_wconf 87' lang='lat' dir='ltr'>bnaecum</span> <span class='ocrx_word' id='word_1_29' title='bbox 415 804 554 864; x_wconf 89' lang='lat' dir='ltr'>crudum:</span> <span class='ocrx_word' id='word_1_30' title='bbox 578 716 732 882; x_wconf 60' lang='lat' dir='ltr'>integrrtb</span> <span class='ocrx_word' id='word_1_31' title='bbox 752 805 839 868; x_wconf 82' lang='lat' dir='ltr'>tacito</span> <span class='ocrx_word' id='word_1_32' title='bbox 863 805 993 864; x_wconf 88' lang='lat' dir='ltr'>devoret.</span> <span class='ocrx_word' id='word_1_33' title='bbox 1030 803 1173 882; x_wconf 83' lang='lat' dir='ltr'>postridie</span> <span class='ocrx_word' id='word_1_34' title='bbox 1188 807 1277 880; x_wconf 88' lang='lat' dir='ltr'>caput</span> <span class='ocrx_word' id='word_1_35' title='bbox 1295 798 1394 877; x_wconf 82' lang='lat' dir='ltr'>ulpici</span> 
     </span>
     <span class='ocr_line' id='line_1_6' title="bbox 244 908 1437 990; baseline -0.002 -22"><span class='ocrx_word' id='word_1_36' title='bbox 244 912 390 969; x_wconf 86' lang='lat' dir='ltr'>ronterito</span> <span class='ocrx_word' id='word_1_37' title='bbox 415 929 483 970; x_wconf 92' lang='lat' dir='ltr'>cum</span> <span class='ocrx_word' id='word_1_38' title='bbox 506 912 624 971; x_wconf 89' lang='lat' dir='ltr'>bemina</span> <span class='ocrx_word' id='word_1_39' title='bbox 653 914 713 971; x_wconf 88' lang='lat' dir='ltr'>vlni</span> <span class='ocrx_word' id='word_1_40' title='bbox 737 912 884 990; x_wconf 81' lang='lat' dir='ltr'>facitoque</span> <span class='ocrx_word' id='word_1_41' title='bbox 913 912 1020 971; x_wconf 90' lang='lat' dir='ltr'>ebibat.</span> <span class='ocrx_word' id='word_1_42' title='bbox 1058 908 1225 970; x_wconf 78' lang='lat' dir='ltr'>sublimiter</span> <span class='ocrx_word' id='word_1_43' title='bbox 1252 912 1330 966; x_wconf 87' lang='lat' dir='ltr'>trrat</span> <span class='ocrx_word' id='word_1_44' title='bbox 1362 914 1395 966; x_wconf 90' lang='lat' dir='ltr'>et</span> <span class='ocrx_word' id='word_1_45' title='bbox 1423 919 1437 959; x_wconf 84' lang='lat'>5</span> 
     </span>
     <span class='ocr_line' id='line_1_7' title="bbox 243 979 1395 1097; baseline -0.003 -21"><span class='ocrx_word' id='word_1_46' title='bbox 243 1036 311 1076; x_wconf 86' lang='lat' dir='ltr'>vaso</span> <span class='ocrx_word' id='word_1_47' title='bbox 336 1017 432 1096; x_wconf 87' lang='lat' dir='ltr'>lIgneo</span> <span class='ocrx_word' id='word_1_48' title='bbox 457 1017 518 1097; x_wconf 86' lang='lat' dir='ltr'>det,</span> <span class='ocrx_word' id='word_1_49' title='bbox 546 1018 659 1097; x_wconf 92' lang='lat' dir='ltr'>bosque</span> <span class='ocrx_word' id='word_1_50' title='bbox 683 979 819 1097; x_wconf 49' lang='lat' dir='ltr'>ipsosva</span> <span class='ocrx_word' id='word_1_51' title='bbox 843 1021 893 1097; x_wconf 93' lang='lat' dir='ltr'>qui</span> <span class='ocrx_word' id='word_1_52' title='bbox 918 1017 998 1078; x_wconf 86' lang='lat' dir='ltr'>dabit</span> <span class='ocrx_word' id='word_1_53' title='bbox 1022 1016 1188 1076; x_wconf 82' lang='lat' dir='ltr'>sublimiter</span> <span class='ocrx_word' id='word_1_54' title='bbox 1211 1021 1277 1074; x_wconf 86' lang='lat' dir='ltr'>stet.</span> <span class='ocrx_word' id='word_1_55' title='bbox 1315 1015 1395 1074; x_wconf 88' lang='lat' dir='ltr'>ieiu-</span> 
     </span>
     <span class='ocr_line' id='line_1_8' title="bbox 244 1107 782 1188; baseline -0.009 0"><span class='ocrx_word' id='word_1_56' title='bbox 244 1146 301 1188; x_wconf 90' lang='lat' dir='ltr'>nus</span> <span class='ocrx_word' id='word_1_57' title='bbox 325 1129 424 1185; x_wconf 91' lang='lat' dir='ltr'>ieiuno</span> <span class='ocrx_word' id='word_1_58' title='bbox 448 1124 516 1184; x_wconf 81' lang='lat' dir='ltr'>bovi</span> <span class='ocrx_word' id='word_1_59' title='bbox 540 1124 615 1185; x_wconf 91' lang='lat' dir='ltr'>dato.</span> <span class='ocrx_word' id='word_1_60' title='bbox 778 1107 782 1114; x_wconf 40' lang='lat'><strong>⁴</strong></span> 
     </span>
    </p>

    <p class='ocr_par' dir='ltr' id='par_1_4' title="bbox 130 1232 1394 1419">
     <span class='ocr_line' id='line_1_9' title="bbox 130 1232 1394 1312; baseline -0.004 -19"><span class='ocrx_word' id='word_1_61' title='bbox 130 1236 227 1293; x_wconf 85' lang='lat' dir='ltr'>LXXII</span> <span class='ocrx_word' id='word_1_62' title='bbox 334 1232 428 1291; x_wconf 78' lang='lat' dir='ltr'>boves</span> <span class='ocrx_word' id='word_1_63' title='bbox 452 1249 488 1290; x_wconf 93' lang='lat' dir='ltr'>ne</span> <span class='ocrx_word' id='word_1_64' title='bbox 513 1232 603 1309; x_wconf 88' lang='lat' dir='ltr'>pedes</span> <span class='ocrx_word' id='word_1_65' title='bbox 628 1232 790 1312; x_wconf 81' lang='lat' dir='ltr'>subterant,</span> <span class='ocrx_word' id='word_1_66' title='bbox 814 1234 987 1311; x_wconf 82' lang='lat' dir='ltr'>priusquam</span> <span class='ocrx_word' id='word_1_67' title='bbox 1011 1232 1041 1291; x_wconf 95' lang='lat' dir='ltr'>in</span> <span class='ocrx_word' id='word_1_68' title='bbox 1057 1232 1132 1290; x_wconf 87' lang='lat' dir='ltr'>viam</span> <span class='ocrx_word' id='word_1_69' title='bbox 1148 1248 1294 1309; x_wconf 89' lang='lat' dir='ltr'>quoquam</span> <span class='ocrx_word' id='word_1_70' title='bbox 1311 1246 1394 1309; x_wconf 84' lang='lat' dir='ltr'>ages,</span> 
     </span>
     <span class='ocr_line' id='line_1_10' title="bbox 244 1339 855 1419; baseline -0.003 -19"><span class='ocrx_word' id='word_1_71' title='bbox 244 1343 309 1419; x_wconf 89' lang='lat' dir='ltr'>pice</span> <span class='ocrx_word' id='word_1_72' title='bbox 330 1339 440 1418; x_wconf 86' lang='lat' dir='ltr'>liquida</span> <span class='ocrx_word' id='word_1_73' title='bbox 465 1357 574 1398; x_wconf 85' lang='lat' dir='ltr'>cornua</span> <span class='ocrx_word' id='word_1_74' title='bbox 599 1340 697 1398; x_wconf 85' lang='lat' dir='ltr'>infima</span> <span class='ocrx_word' id='word_1_75' title='bbox 722 1341 855 1416; x_wconf 85' lang='lat' dir='ltr'>unguite.</span> 
     </span>
    </p>

    <p class='ocr_par' dir='ltr' id='par_1_5' title="bbox 116 1443 1450 1740">
     <span class='ocr_line' id='line_1_11' title="bbox 116 1443 1438 1524; baseline -0.003 -17"><span class='ocrx_word' id='word_1_76' title='bbox 116 1449 224 1507; x_wconf 85' lang='lat' dir='ltr'>LXXIII</span> <span class='ocrx_word' id='word_1_77' title='bbox 332 1444 386 1504; x_wconf 91' lang='lat' dir='ltr'>Vbi</span> <span class='ocrx_word' id='word_1_78' title='bbox 414 1464 487 1505; x_wconf 85' lang='lat' dir='ltr'>urae</span> <span class='ocrx_word' id='word_1_79' title='bbox 517 1447 612 1504; x_wconf 88' lang='lat' dir='ltr'>variae</span> <span class='ocrx_word' id='word_1_80' title='bbox 642 1448 794 1523; x_wconf 72' lang='lat' dir='ltr'>coeperint</span> <span class='ocrx_word' id='word_1_81' title='bbox 825 1447 901 1524; x_wconf 81' lang='lat' dir='ltr'>fieri,</span> <span class='ocrx_word' id='word_1_82' title='bbox 931 1444 1029 1504; x_wconf 91' lang='lat' dir='ltr'>bubus</span> <span class='ocrx_word' id='word_1_83' title='bbox 1053 1445 1300 1504; x_wconf 84' lang='lat' dir='ltr'>medicamentum</span> <span class='ocrx_word' id='word_1_84' title='bbox 1321 1443 1438 1503; x_wconf 86' lang='lat' dir='ltr'>dato10</span> 
     </span>
     <span class='ocr_line' id='line_1_12' title="bbox 244 1541 1450 1635; baseline -0.004 -21"><span class='ocrx_word' id='word_1_85' title='bbox 244 1555 413 1632; x_wconf 79' lang='lat' dir='ltr'>quotannis,</span> <span class='ocrx_word' id='word_1_86' title='bbox 436 1553 481 1611; x_wconf 93' lang='lat' dir='ltr'>uti</span> <span class='ocrx_word' id='word_1_87' title='bbox 496 1551 617 1611; x_wconf 89' lang='lat' dir='ltr'>valeant.</span> <span class='ocrx_word' id='word_1_88' title='bbox 655 1551 761 1630; x_wconf 91' lang='lat' dir='ltr'>pellem</span> <span class='ocrx_word' id='word_1_89' title='bbox 786 1554 942 1629; x_wconf 79' lang='lat' dir='ltr'>anguinum</span> <span class='ocrx_word' id='word_1_90' title='bbox 959 1541 1009 1611; x_wconf 90' lang='lat' dir='ltr'>ubi</span> <span class='ocrx_word' id='word_1_91' title='bbox 1024 1551 1141 1630; x_wconf 78' lang='lat' dir='ltr'>ridens,</span> <span class='ocrx_word' id='word_1_92' title='bbox 1166 1549 1260 1610; x_wconf 92' lang='lat' dir='ltr'>tollito</span> <span class='ocrx_word' id='word_1_93' title='bbox 1275 1558 1305 1609; x_wconf 92' lang='grc'>11</span> <span class='ocrx_word' id='word_1_94' title='bbox 1321 1569 1394 1610; x_wconf 90' lang='lat' dir='ltr'>eon·</span> <span class='ocrx_word' id='word_1_95' title='bbox 1444 1620 1450 1635; x_wconf 38' lang='grc' dir='ltr'>Ι</span> 
     </span>
     <span class='ocr_line' id='line_1_13' title="bbox 245 1656 1396 1740; baseline -0.001 -21"><span class='ocrx_word' id='word_1_96' title='bbox 245 1661 319 1740; x_wconf 78' lang='lat' dir='ltr'>dito,</span> <span class='ocrx_word' id='word_1_97' title='bbox 349 1678 385 1718; x_wconf 90' lang='lat' dir='ltr'>ne</span> <span class='ocrx_word' id='word_1_98' title='bbox 410 1676 535 1738; x_wconf 89' lang='lat' dir='ltr'>quaeras</span> <span class='ocrx_word' id='word_1_99' title='bbox 559 1676 626 1717; x_wconf 89' lang='lat' dir='ltr'>rum</span> <span class='ocrx_word' id='word_1_100' title='bbox 652 1677 726 1738; x_wconf 92' lang='lat' dir='ltr'>opus</span> <span class='ocrx_word' id='word_1_101' title='bbox 751 1661 814 1718; x_wconf 81' lang='lat' dir='ltr'>siet.</span> <span class='ocrx_word' id='word_1_102' title='bbox 853 1677 916 1718; x_wconf 91' lang='lat' dir='ltr'>eam</span> <span class='ocrx_word' id='word_1_103' title='bbox 940 1657 1045 1737; x_wconf 90' lang='lat' dir='ltr'>pellem</span> <span class='ocrx_word' id='word_1_104' title='bbox 1071 1664 1100 1717; x_wconf 90' lang='lat' dir='ltr'>et</span> <span class='ocrx_word' id='word_1_105' title='bbox 1124 1658 1168 1716; x_wconf 89' lang='lat' dir='ltr'>lar</span> <span class='ocrx_word' id='word_1_106' title='bbox 1192 1666 1221 1717; x_wconf 86' lang='lat' dir='ltr'>et</span> <span class='ocrx_word' id='word_1_107' title='bbox 1245 1656 1337 1716; x_wconf 89' lang='lat' dir='ltr'>salem</span> <span class='ocrx_word' id='word_1_108' title='bbox 1362 1664 1396 1718; x_wconf 91' lang='lat' dir='ltr'>et</span> 
     </span>
    </p>

    <p class='ocr_par' dir='ltr' id='par_1_6' title="bbox 193 1763 1436 2076">
     <span class='ocr_line' id='line_1_14' title="bbox 193 1763 1396 1845; baseline -0.001 -20"><span class='ocrx_word' id='word_1_109' title='bbox 193 1768 197 1781; x_wconf 93' lang='grc'><em>’</em></span> <span class='ocrx_word' id='word_1_110' title='bbox 245 1765 423 1845; x_wconf 77' lang='lat' dir='ltr'>serpullum,</span> <span class='ocrx_word' id='word_1_111' title='bbox 447 1766 635 1825; x_wconf 87' lang='lat' dir='ltr'>haecomnia</span> <span class='ocrx_word' id='word_1_112' title='bbox 655 1784 713 1825; x_wconf 92' lang='lat' dir='ltr'>una</span> <span class='ocrx_word' id='word_1_113' title='bbox 733 1768 879 1826; x_wconf 87' lang='lat' dir='ltr'>conterite</span> <span class='ocrx_word' id='word_1_114' title='bbox 899 1784 966 1824; x_wconf 89' lang='lat' dir='ltr'>eum</span> <span class='ocrx_word' id='word_1_115' title='bbox 982 1767 1062 1845; x_wconf 76' lang='lat' dir='ltr'>vtno,</span> <span class='ocrx_word' id='word_1_116' title='bbox 1087 1765 1154 1824; x_wconf 88' lang='lat' dir='ltr'>dato</span> <span class='ocrx_word' id='word_1_117' title='bbox 1174 1763 1272 1824; x_wconf 92' lang='lat' dir='ltr'>bubus</span> <span class='ocrx_word' id='word_1_118' title='bbox 1287 1763 1396 1824; x_wconf 85' lang='lat' dir='ltr'>bibant</span> 
     </span>
     <span class='ocr_line' id='line_1_15' title="bbox 245 1871 1395 1952; baseline -0.001 -21"><span class='ocrx_word' id='word_1_119' title='bbox 245 1872 390 1933; x_wconf 77' lang='lat' dir='ltr'>omnibus,</span> <span class='ocrx_word' id='word_1_120' title='bbox 427 1892 481 1952; x_wconf 90' lang='lat' dir='ltr'>per</span> <span class='ocrx_word' id='word_1_121' title='bbox 496 1881 636 1933; x_wconf 82' lang='lat' dir='ltr'>aestatem</span> <span class='ocrx_word' id='word_1_122' title='bbox 651 1873 741 1932; x_wconf 90' lang='lat' dir='ltr'>boves</span> <span class='ocrx_word' id='word_1_123' title='bbox 756 1892 860 1952; x_wconf 91' lang='lat' dir='ltr'>aquam</span> <span class='ocrx_word' id='word_1_124' title='bbox 876 1873 982 1933; x_wconf 92' lang='lat' dir='ltr'>bonam</span> <span class='ocrx_word' id='word_1_125' title='bbox 997 1880 1027 1932; x_wconf 87' lang='grc'>11</span> <span class='ocrx_word' id='word_1_126' title='bbox 1041 1871 1181 1950; x_wconf 86' lang='lat' dir='ltr'>liquidam</span> <span class='ocrx_word' id='word_1_127' title='bbox 1197 1871 1299 1931; x_wconf 91' lang='lat' dir='ltr'>bibant</span> <span class='ocrx_word' id='word_1_128' title='bbox 1315 1890 1395 1931; x_wconf 92' lang='lat' dir='ltr'>sem·</span> 
     </span>
     <span class='ocr_line' id='line_1_16' title="bbox 244 1978 1436 2076; baseline -0.003 -36"><span class='ocrx_word' id='word_1_129' title='bbox 244 1987 438 2060; x_wconf 87' lang='lat' dir='ltr'>percurato:</span> <span class='ocrx_word' id='word_1_130' title='bbox 462 1987 495 2039; x_wconf 93' lang='lat' dir='ltr'>ut</span> <span class='ocrx_word' id='word_1_131' title='bbox 519 1978 633 2038; x_wconf 83' lang='lat' dir='ltr'>valeant</span> <span class='ocrx_word' id='word_1_132' title='bbox 657 1979 827 2076; x_wconf 63' lang='lat' dir='ltr'>relerts</span> <span class='ocrx_word' id='word_1_133' title='bbox 1410 1986 1436 2063; x_wconf 61' lang='lat'>{⁵</span> 
     </span>
    </p>

    <p class='ocr_par' dir='ltr' id='par_1_7' title="bbox 103 2060 1405 2403">
     <span class='ocr_line' id='line_1_17' title="bbox 103 2060 1394 2165; baseline -0.002 -19"><span class='ocrx_word' id='word_1_134' title='bbox 103 2080 227 2136; x_wconf 69' lang='lat' dir='ltr'>LXXllll</span> <span class='ocrx_word' id='word_1_135' title='bbox 334 2085 443 2147; x_wconf 89' lang='lat' dir='ltr'>Panem</span> <span class='ocrx_word' id='word_1_136' title='bbox 467 2060 643 2165; x_wconf 64' lang='lat' dir='ltr'>depstbium</span> <span class='ocrx_word' id='word_1_137' title='bbox 669 2088 711 2145; x_wconf 91' lang='lat' dir='ltr'>sie</span> <span class='ocrx_word' id='word_1_138' title='bbox 737 2087 832 2161; x_wconf 87' lang='lat' dir='ltr'>larito.</span> <span class='ocrx_word' id='word_1_139' title='bbox 870 2105 974 2146; x_wconf 93' lang='lat' dir='ltr'>manus</span> <span class='ocrx_word' id='word_1_140' title='bbox 997 2088 1231 2165; x_wconf 87' lang='lat' dir='ltr'>mortariumque</span> <span class='ocrx_word' id='word_1_141' title='bbox 1255 2085 1332 2144; x_wconf 90' lang='lat' dir='ltr'>bene</span> <span class='ocrx_word' id='word_1_142' title='bbox 1352 2084 1394 2144; x_wconf 90' lang='lat' dir='ltr'>la-</span> 
     </span>
     <span class='ocr_line' id='line_1_18' title="bbox 245 2191 1405 2279; baseline -0.003 -26"><span class='ocrx_word' id='word_1_143' title='bbox 245 2201 319 2254; x_wconf 87' lang='lat' dir='ltr'>vato.</span> <span class='ocrx_word' id='word_1_144' title='bbox 357 2195 481 2254; x_wconf 84' lang='lat' dir='ltr'>sartnam</span> <span class='ocrx_word' id='word_1_145' title='bbox 505 2195 535 2253; x_wconf 89' lang='lat' dir='ltr'>in</span> <span class='ocrx_word' id='word_1_146' title='bbox 559 2195 733 2253; x_wconf 84' lang='lat' dir='ltr'>mortarIum</span> <span class='ocrx_word' id='word_1_147' title='bbox 758 2194 864 2273; x_wconf 78' lang='lat' dir='ltr'>indito,</span> <span class='ocrx_word' id='word_1_148' title='bbox 889 2212 981 2272; x_wconf 90' lang='lat' dir='ltr'>aquae</span> <span class='ocrx_word' id='word_1_149' title='bbox 1001 2192 1140 2271; x_wconf 88' lang='lat' dir='ltr'>paulatim</span> <span class='ocrx_word' id='word_1_150' title='bbox 1160 2191 1405 2279; x_wconf 32' lang='lat' dir='ltr'>additofflsubng</span> 
     </span>
     <span class='ocr_line' id='line_1_19' title="bbox 245 2276 1394 2403; baseline -0.003 -42"><span class='ocrx_word' id='word_1_151' title='bbox 245 2309 335 2380; x_wconf 86' lang='lat' dir='ltr'>toque</span> <span class='ocrx_word' id='word_1_152' title='bbox 350 2301 482 2380; x_wconf 91' lang='lat' dir='ltr'>pulchre.</span> <span class='ocrx_word' id='word_1_153' title='bbox 521 2299 572 2359; x_wconf 88' lang='lat' dir='ltr'>ubi</span> <span class='ocrx_word' id='word_1_154' title='bbox 588 2300 662 2359; x_wconf 92' lang='lat' dir='ltr'>bene</span> <span class='ocrx_word' id='word_1_155' title='bbox 679 2299 853 2379; x_wconf 77' lang='lat' dir='ltr'>sulregeris,.</span> <span class='ocrx_word' id='word_1_156' title='bbox 866 2276 1394 2403; x_wconf 53' lang='lat' dir='ltr'>debngQfflrhAestu.</span> 
     </span>
    </p>

    <p class='ocr_par' dir='ltr' id='par_1_8' title="bbox 132 2400 1393 2469">
     <span class='ocr_line' id='line_1_20' title="bbox 132 2400 1393 2469; baseline -0.004 0"><span class='ocrx_word' id='word_1_157' title='bbox 132 2400 226 2456; x_wconf 67' lang='lat' dir='ltr'>LXXV</span> <span class='ocrx_word' id='word_1_158' title='bbox 333 2408 440 2469; x_wconf 86' lang='lat' dir='ltr'>Libum</span> <span class='ocrx_word' id='word_1_159' title='bbox 470 2409 526 2468; x_wconf 89' lang='lat' dir='ltr'>hoe</span> <span class='ocrx_word' id='word_1_160' title='bbox 555 2407 642 2467; x_wconf 93' lang='lat' dir='ltr'>modo</span> <span class='ocrx_word' id='word_1_161' title='bbox 666 2406 762 2466; x_wconf 83' lang='lat' dir='ltr'>facito.</span> <span class='ocrx_word' id='word_1_162' title='bbox 805 2409 884 2466; x_wconf 89' lang='lat' dir='ltr'>oasci</span> <span class='ocrx_word' id='word_1_163' title='bbox 902 2422 931 2466; x_wconf 83' lang='lat' dir='ltr'>P.</span> <span class='ocrx_word' id='word_1_164' title='bbox 952 2422 978 2467; x_wconf 87' lang='lat'>11</span> <span class='ocrx_word' id='word_1_165' title='bbox 1002 2406 1077 2465; x_wconf 88' lang='lat' dir='ltr'>bene</span> <span class='ocrx_word' id='word_1_166' title='bbox 1102 2405 1225 2465; x_wconf 87' lang='lat' dir='ltr'>disterat</span> <span class='ocrx_word' id='word_1_167' title='bbox 1253 2408 1283 2465; x_wconf 94' lang='lat' dir='ltr'>in</span> <span class='ocrx_word' id='word_1_168' title='bbox 1312 2424 1393 2464; x_wconf 92' lang='lat' dir='ltr'>mor-</span> 
     </span>
    </p>
   </div>
   <div class='ocr_carea' id='block_1_3' title="bbox 245 2511 1438 2594">
    <p class='ocr_par' dir='ltr' id='par_1_9' title="bbox 245 2511 1438 2594">
     <span class='ocr_line' id='line_1_21' title="bbox 245 2511 1438 2594; baseline -0.003 -20"><span class='ocrx_word' id='word_1_169' title='bbox 245 2515 328 2574; x_wconf 87' lang='lat' dir='ltr'>tario.</span> <span class='ocrx_word' id='word_1_170' title='bbox 370 2514 422 2574; x_wconf 91' lang='lat' dir='ltr'>ubi</span> <span class='ocrx_word' id='word_1_171' title='bbox 447 2513 522 2573; x_wconf 89' lang='lat' dir='ltr'>bene</span> <span class='ocrx_word' id='word_1_172' title='bbox 547 2514 722 2594; x_wconf 81' lang='lat' dir='ltr'>distriverit‚</span> <span class='ocrx_word' id='word_1_173' title='bbox 748 2514 858 2573; x_wconf 83' lang='lat' dir='ltr'>larInae</span> <span class='ocrx_word' id='word_1_174' title='bbox 875 2513 1029 2592; x_wconf 83' lang='lat' dir='ltr'>siligineae</span> <span class='ocrx_word' id='word_1_175' title='bbox 1044 2513 1149 2572; x_wconf 88' lang='lat' dir='ltr'>libram</span> <span class='ocrx_word' id='word_1_176' title='bbox 1172 2520 1236 2594; x_wconf 77' lang='lat' dir='ltr'>aut,</span> <span class='ocrx_word' id='word_1_177' title='bbox 1260 2514 1286 2571; x_wconf 92' lang='lat' dir='ltr'>si</span> <span class='ocrx_word' id='word_1_178' title='bbox 1308 2531 1326 2571; x_wconf 89' lang='lat' dir='ltr'>v</span> <span class='ocrx_word' id='word_1_179' title='bbox 1348 2511 1394 2570; x_wconf 90' lang='lat' dir='ltr'>les</span> <span class='ocrx_word' id='word_1_180' title='bbox 1410 2519 1438 2559; x_wconf 71' lang='lat'>2⁰</span> 
     </span>
    </p>
   </div>
   <div class='ocr_carea' id='block_1_4' title="bbox 245 2620 1394 2701">
    <p class='ocr_par' dir='ltr' id='par_1_10' title="bbox 245 2620 1394 2701">
     <span class='ocr_line' id='line_1_22' title="bbox 245 2620 1394 2701; baseline -0.003 -20"><span class='ocrx_word' id='word_1_181' title='bbox 245 2623 378 2682; x_wconf 91' lang='lat' dir='ltr'>tenerius</span> <span class='ocrx_word' id='word_1_182' title='bbox 402 2639 476 2701; x_wconf 81' lang='lat' dir='ltr'>esse,</span> <span class='ocrx_word' id='word_1_183' title='bbox 501 2620 638 2680; x_wconf 86' lang='lat' dir='ltr'>selibram</span> <span class='ocrx_word' id='word_1_184' title='bbox 663 2620 836 2699; x_wconf 84' lang='lat' dir='ltr'>similaginis</span> <span class='ocrx_word' id='word_1_185' title='bbox 861 2620 982 2698; x_wconf 83' lang='lat' dir='ltr'>[solum]</span> <span class='ocrx_word' id='word_1_186' title='bbox 1026 2621 1129 2680; x_wconf 89' lang='lat' dir='ltr'>eodem</span> <span class='ocrx_word' id='word_1_187' title='bbox 1147 2620 1242 2680; x_wconf 93' lang='lat' dir='ltr'>indito</span> <span class='ocrx_word' id='word_1_188' title='bbox 1265 2636 1394 2697; x_wconf 78' lang='lat' dir='ltr'>permis-</span> 
     </span>
    </p>
   </div>
   <div class='ocr_carea' id='block_1_5' title="bbox 227 2826 1394 4496">
    <p class='ocr_par' dir='ltr' id='par_1_11' title="bbox 227 2826 1394 4496">
     <span class='ocr_line' id='line_1_23' title="bbox 317 2826 1393 2897; baseline -0.001 -16"><span class='ocrx_word' id='word_1_189' title='bbox 317 2835 330 2881; x_wconf 91' lang='lat'>1</span> <span class='ocrx_word' id='word_1_190' title='bbox 350 2827 438 2897; x_wconf 78' lang='lat' dir='ltr'>ipsius</span> <span class='ocrx_word' id='word_1_191' title='bbox 457 2844 525 2883; x_wconf 86' lang='lat' dir='ltr'>corr.</span> <span class='ocrx_word' id='word_1_192' title='bbox 544 2828 622 2896; x_wconf 87' lang='lat' dir='ltr'>ipsus</span> <span class='ocrx_word' id='word_1_193' title='bbox 641 2827 668 2880; x_wconf 89' lang='lat' dir='ltr'><strong><em>A</em></strong></span> <span class='ocrx_word' id='word_1_194' title='bbox 749 2827 835 2881; x_wconf 88' lang='lat' dir='ltr'>facito</span> <span class='ocrx_word' id='word_1_195' title='bbox 854 2830 886 2880; x_wconf 84' lang='lat' dir='ltr'>ut</span> <span class='ocrx_word' id='word_1_196' title='bbox 904 2829 1021 2895; x_wconf 86' lang='lat' dir='ltr'>uterque</span> <span class='ocrx_word' id='word_1_197' title='bbox 1046 2826 1102 2880; x_wconf 84' lang='lat' dir='ltr'>VR</span> <span class='ocrx_word' id='word_1_198' title='bbox 1120 2826 1205 2882; x_wconf 85' lang='lat' dir='ltr'>tacito</span> <span class='ocrx_word' id='word_1_199' title='bbox 1224 2831 1344 2896; x_wconf 86' lang='lat' dir='ltr'>uterque</span> <span class='ocrx_word' id='word_1_200' title='bbox 1364 2827 1393 2880; x_wconf 95' lang='lat' dir='ltr'><strong><em>A</em></strong></span> 
     </span>
     <span class='ocr_line' id='line_1_24' title="bbox 315 2915 496 2972; baseline -0.006 -2"><span class='ocrx_word' id='word_1_201' title='bbox 315 2934 382 2972; x_wconf 85' lang='lat' dir='ltr'>uase</span> <span class='ocrx_word' id='word_1_202' title='bbox 407 2915 496 2970; x_wconf 83' lang='lat' dir='ltr'>VAR</span> 
     </span>
     <span class='ocr_line' id='line_1_25' title="bbox 316 3003 1392 3075; baseline -0.002 -15"><span class='ocrx_word' id='word_1_203' title='bbox 316 3014 331 3060; x_wconf 87' lang='lat'><strong>3</strong></span> <span class='ocrx_word' id='word_1_204' title='bbox 351 3008 383 3060; x_wconf 87' lang='lat' dir='ltr'>R.</span> <span class='ocrx_word' id='word_1_205' title='bbox 403 3005 504 3059; x_wconf 83' lang='lat' dir='ltr'>LXXX</span> <span class='ocrx_word' id='word_1_206' title='bbox 523 3006 577 3059; x_wconf 91' lang='lat' dir='ltr'>Bos</span> <span class='ocrx_word' id='word_1_207' title='bbox 597 3005 620 3058; x_wconf 88' lang='lat' dir='ltr'>si</span> <span class='ocrx_word' id='word_1_208' title='bbox 640 3005 767 3075; x_wconf 81' lang='lat' dir='ltr'>egrotare</span> <span class='ocrx_word' id='word_1_209' title='bbox 788 3004 894 3073; x_wconf 86' lang='lat' dir='ltr'>ceperit</span> <span class='ocrx_word' id='word_1_210' title='bbox 912 3004 939 3057; x_wconf 89' lang='lat' dir='ltr'><strong><em>A</em></strong></span> <span class='ocrx_word' id='word_1_211' title='bbox 973 3005 1025 3059; x_wconf 92' lang='lat' dir='ltr'>Bos</span> <span class='ocrx_word' id='word_1_212' title='bbox 1050 3006 1073 3058; x_wconf 85' lang='lat' dir='ltr'>si</span> <span class='ocrx_word' id='word_1_213' title='bbox 1097 3005 1242 3074; x_wconf 81' lang='lat' dir='ltr'>aegrotare</span> <span class='ocrx_word' id='word_1_214' title='bbox 1262 3003 1392 3071; x_wconf 86' lang='lat' dir='ltr'>coeperit</span> 
     </span>
     <span class='ocr_line' id='line_1_26' title="bbox 250 3092 1391 3163; baseline -0.004 -15"><span class='ocrx_word' id='word_1_215' title='bbox 250 3096 294 3150; x_wconf 85' lang='lat' dir='ltr'>Vb</span> <span class='ocrx_word' id='word_1_216' title='bbox 368 3094 494 3162; x_wconf 85' lang='lat' dir='ltr'>egrotare</span> <span class='ocrx_word' id='word_1_217' title='bbox 514 3094 620 3162; x_wconf 83' lang='lat' dir='ltr'>ceperit</span> <span class='ocrx_word' id='word_1_218' title='bbox 638 3093 698 3147; x_wconf 82' lang='lat' dir='ltr'><strong><em>AR</em></strong></span> <span class='ocrx_word' id='word_1_219' title='bbox 717 3092 907 3163; x_wconf 85' lang='lat' dir='ltr'>aegrotauerit</span> <span class='ocrx_word' id='word_1_220' title='bbox 931 3093 957 3146; x_wconf 91' lang='lat' dir='ltr'><em>V</em></span> <span class='ocrx_word' id='word_1_221' title='bbox 1039 3095 1186 3147; x_wconf 74' lang='lat' dir='ltr'>themina</span> <span class='ocrx_word' id='word_1_222' title='bbox 1205 3110 1273 3147; x_wconf 87' lang='lat' dir='ltr'>corr.</span> <span class='ocrx_word' id='word_1_223' title='bbox 1294 3110 1342 3145; x_wconf 83' lang='lat' dir='ltr'>-oa</span> <span class='ocrx_word' id='word_1_224' title='bbox 1363 3093 1391 3145; x_wconf 89' lang='lat' dir='ltr'><strong><em>A</em></strong></span> 
     </span>
     <span class='ocr_line' id='line_1_27' title="bbox 317 3181 730 3247; baseline -0.002 -10"><span class='ocrx_word' id='word_1_225' title='bbox 317 3189 419 3237; x_wconf 68' lang='lat' dir='ltr'>buoso</span> <span class='ocrx_word' id='word_1_226' title='bbox 438 3181 594 3247; x_wconf 58' lang='lat' dir='ltr'>Arcum„</span> <span class='ocrx_word' id='word_1_227' title='bbox 613 3197 679 3236; x_wconf 88' lang='lat' dir='ltr'>uase</span> <span class='ocrx_word' id='word_1_228' title='bbox 704 3182 730 3235; x_wconf 90' lang='lat' dir='ltr'><em>V</em></span> 
     </span>
     <span class='ocr_line' id='line_1_28' title="bbox 227 3259 1289 3340; baseline -0.003 -15"><span class='ocrx_word' id='word_1_229' title='bbox 227 3317 230 3325; x_wconf 94' lang='lat'>.</span> <span class='ocrx_word' id='word_1_230' title='bbox 316 3277 332 3325; x_wconf 90' lang='lat'>8</span> <span class='ocrx_word' id='word_1_231' title='bbox 351 3271 382 3324; x_wconf 84' lang='lat' dir='ltr'>R.</span> <span class='ocrx_word' id='word_1_232' title='bbox 402 3268 515 3324; x_wconf 87' lang='lat' dir='ltr'>LXXXI</span> <span class='ocrx_word' id='word_1_233' title='bbox 535 3271 625 3324; x_wconf 85' lang='lat' dir='ltr'>Bouee</span> <span class='ocrx_word' id='word_1_234' title='bbox 644 3287 678 3325; x_wconf 92' lang='lat' dir='ltr'>ne</span> <span class='ocrx_word' id='word_1_235' title='bbox 697 3270 782 3340; x_wconf 89' lang='lat' dir='ltr'>pedes</span> <span class='ocrx_word' id='word_1_236' title='bbox 802 3271 946 3325; x_wconf 86' lang='lat' dir='ltr'>subterant</span> <span class='ocrx_word' id='word_1_237' title='bbox 964 3271 1044 3326; x_wconf 86' lang='lat' dir='ltr'>AVb</span> <span class='ocrx_word' id='word_1_238' title='bbox 1117 3259 1244 3325; x_wconf 77' lang='lat' dir='ltr'>subtrant</span> <span class='ocrx_word' id='word_1_239' title='bbox 1262 3271 1289 3322; x_wconf 86' lang='lat' dir='ltr'><strong><em>A</em></strong></span> 
     </span>
     <span class='ocr_line' id='line_1_29' title="bbox 318 3357 1392 3427; baseline -0.002 -13"><span class='ocrx_word' id='word_1_240' title='bbox 318 3366 349 3414; x_wconf 89' lang='lat'>10</span> <span class='ocrx_word' id='word_1_241' title='bbox 368 3361 400 3414; x_wconf 83' lang='lat' dir='ltr'>R.</span> <span class='ocrx_word' id='word_1_242' title='bbox 420 3359 546 3414; x_wconf 85' lang='lat' dir='ltr'>LXXXII</span> <span class='ocrx_word' id='word_1_243' title='bbox 570 3361 715 3427; x_wconf 80' lang='lat' dir='ltr'>Quomodo</span> <span class='ocrx_word' id='word_1_244' title='bbox 738 3360 828 3413; x_wconf 88' lang='lat' dir='ltr'>bubus</span> <span class='ocrx_word' id='word_1_245' title='bbox 852 3361 1087 3415; x_wconf 82' lang='lat' dir='ltr'>medicamentum</span> <span class='ocrx_word' id='word_1_246' title='bbox 1106 3361 1186 3415; x_wconf 88' lang='lat' dir='ltr'>detur</span> <span class='ocrx_word' id='word_1_247' title='bbox 1204 3359 1285 3412; x_wconf 87' lang='lat' dir='ltr'>APb</span> <span class='ocrx_word' id='word_1_248' title='bbox 1316 3357 1392 3422; x_wconf 79' lang='lat' dir='ltr'>Quo·</span> 
     </span>
     <span class='ocr_line' id='line_1_30' title="bbox 244 3448 1393 3520; baseline -0.002 -17"><span class='ocrx_word' id='word_1_249' title='bbox 244 3451 328 3504; x_wconf 90' lang='lat' dir='ltr'>modo</span> <span class='ocrx_word' id='word_1_250' title='bbox 346 3450 437 3503; x_wconf 90' lang='lat' dir='ltr'>bubus</span> <span class='ocrx_word' id='word_1_251' title='bbox 457 3449 692 3504; x_wconf 76' lang='lat' dir='ltr'>medicamentum</span> <span class='ocrx_word' id='word_1_252' title='bbox 710 3467 726 3503; x_wconf 86' lang='lat' dir='ltr'>o</span> <span class='ocrx_word' id='word_1_253' title='bbox 799 3450 940 3518; x_wconf 88' lang='lat' dir='ltr'>coeperint</span> <span class='ocrx_word' id='word_1_254' title='bbox 964 3450 990 3500; x_wconf 91' lang='lat' dir='ltr'><em>V</em></span> <span class='ocrx_word' id='word_1_255' title='bbox 1016 3451 1140 3520; x_wconf 85' lang='lat' dir='ltr'>ceperint</span> <span class='ocrx_word' id='word_1_256' title='bbox 1158 3449 1184 3502; x_wconf 91' lang='lat' dir='ltr'><strong><em>A</em></strong></span> <span class='ocrx_word' id='word_1_257' title='bbox 1209 3448 1335 3520; x_wconf 75' lang='lat' dir='ltr'>ceperint</span> <span class='ocrx_word' id='word_1_258' title='bbox 1355 3449 1393 3501; x_wconf 88' lang='lat' dir='ltr'>bc</span> 
     </span>
     <span class='ocr_line' id='line_1_31' title="bbox 318 3536 1392 3606; baseline -0.002 -15"><span class='ocrx_word' id='word_1_259' title='bbox 318 3545 348 3591; x_wconf 91' lang='lat'>11</span> <span class='ocrx_word' id='word_1_260' title='bbox 370 3538 518 3606; x_wconf 88' lang='lat' dir='ltr'>quotannis</span> <span class='ocrx_word' id='word_1_261' title='bbox 538 3539 594 3592; x_wconf 83' lang='lat' dir='ltr'>tce</span> <span class='ocrx_word' id='word_1_262' title='bbox 613 3539 687 3606; x_wconf 88' lang='lat' dir='ltr'>quod</span> <span class='ocrx_word' id='word_1_263' title='bbox 707 3537 786 3591; x_wconf 91' lang='lat' dir='ltr'>annis</span> <span class='ocrx_word' id='word_1_264' title='bbox 802 3538 859 3590; x_wconf 85' lang='grc' dir='ltr'>ΡΑ</span> <span class='ocrx_word' id='word_1_265' title='bbox 866 3539 884 3604; x_wconf 79' lang='lat' dir='ltr'><em>f</em></span> <span class='ocrx_word' id='word_1_266' title='bbox 951 3541 978 3592; x_wconf 89' lang='lat' dir='ltr'>et</span> <span class='ocrx_word' id='word_1_267' title='bbox 997 3540 1109 3593; x_wconf 79' lang='lat' dir='ltr'>condIto</span> <span class='ocrx_word' id='word_1_268' title='bbox 1129 3556 1178 3592; x_wconf 84' lang='lat' dir='ltr'>om.</span> <span class='ocrx_word' id='word_1_269' title='bbox 1193 3537 1233 3604; x_wconf 90' lang='lat' dir='ltr'>A,</span> <span class='ocrx_word' id='word_1_270' title='bbox 1254 3537 1318 3591; x_wconf 83' lang='lat' dir='ltr'>add.</span> <span class='ocrx_word' id='word_1_271' title='bbox 1338 3536 1392 3589; x_wconf 84' lang='lat' dir='ltr'>VR</span> 
     </span>
     <span class='ocr_line' id='line_1_32' title="bbox 317 3623 1394 3695; baseline -0.003 -14"><span class='ocrx_word' id='word_1_272' title='bbox 317 3634 349 3681; x_wconf 88' lang='lat'>13</span> <span class='ocrx_word' id='word_1_273' title='bbox 378 3629 444 3681; x_wconf 88' lang='lat' dir='ltr'>dato</span> <span class='ocrx_word' id='word_1_274' title='bbox 468 3628 558 3680; x_wconf 88' lang='lat' dir='ltr'>bubus</span> <span class='ocrx_word' id='word_1_275' title='bbox 581 3627 679 3682; x_wconf 88' lang='lat' dir='ltr'>bibant</span> <span class='ocrx_word' id='word_1_276' title='bbox 703 3628 829 3682; x_wconf 89' lang='lat' dir='ltr'>omnibus</span> <span class='ocrx_word' id='word_1_277' title='bbox 853 3627 1006 3695; x_wconf 65' lang='lat' dir='ltr'>Aleriae,</span> <span class='ocrx_word' id='word_1_278' title='bbox 1035 3628 1101 3682; x_wconf 84' lang='lat' dir='ltr'>clato</span> <span class='ocrx_word' id='word_1_279' title='bbox 1124 3628 1213 3682; x_wconf 86' lang='lat' dir='ltr'>bubus</span> <span class='ocrx_word' id='word_1_280' title='bbox 1237 3623 1337 3679; x_wconf 90' lang='lat' dir='ltr'>bibant</span> <span class='ocrx_word' id='word_1_281' title='bbox 1365 3626 1394 3678; x_wconf 91' lang='lat' dir='ltr'><em>P</em></span> 
     </span>
     <span class='ocr_line' id='line_1_33' title="bbox 246 3715 1161 3787; baseline -0.003 -16"><span class='ocrx_word' id='word_1_282' title='bbox 246 3717 311 3771; x_wconf 87' lang='lat' dir='ltr'>dato</span> <span class='ocrx_word' id='word_1_283' title='bbox 330 3717 420 3771; x_wconf 89' lang='lat' dir='ltr'>bubus</span> <span class='ocrx_word' id='word_1_284' title='bbox 439 3716 567 3770; x_wconf 88' lang='lat' dir='ltr'>omnibus</span> <span class='ocrx_word' id='word_1_285' title='bbox 586 3718 618 3768; x_wconf 88' lang='lat' dir='ltr'>ut</span> <span class='ocrx_word' id='word_1_286' title='bbox 636 3715 735 3770; x_wconf 87' lang='lat' dir='ltr'>bibant</span> <span class='ocrx_word' id='word_1_287' title='bbox 752 3733 769 3769; x_wconf 88' lang='lat' dir='ltr'>o</span> <span class='ocrx_word' id='word_1_288' title='bbox 844 3722 877 3769; x_wconf 80' lang='lat'>14</span> <span class='ocrx_word' id='word_1_289' title='bbox 897 3718 1017 3787; x_wconf 88' lang='lat' dir='ltr'>semper]</span> <span class='ocrx_word' id='word_1_290' title='bbox 1037 3734 1118 3786; x_wconf 89' lang='lat' dir='ltr'>seper</span> <span class='ocrx_word' id='word_1_291' title='bbox 1136 3716 1161 3768; x_wconf 88' lang='lat' dir='ltr'><strong><em>A</em></strong></span> 
     </span>
     <span class='ocr_line' id='line_1_34' title="bbox 319 3790 1390 3870; baseline -0.006 -12"><span class='ocrx_word' id='word_1_292' title='bbox 319 3790 358 3860; x_wconf 67' lang='lat' dir='ltr'>ib</span> <span class='ocrx_word' id='word_1_293' title='bbox 370 3807 402 3860; x_wconf 86' lang='lat' dir='ltr'>R..</span> <span class='ocrx_word' id='word_1_294' title='bbox 422 3803 563 3858; x_wconf 89' lang='lat' dir='ltr'>LXXXIII</span> <span class='ocrx_word' id='word_1_295' title='bbox 586 3803 852 3858; x_wconf 84' lang='lat' dir='ltr'>Panem&#39;testitium</span> <span class='ocrx_word' id='word_1_296' title='bbox 876 3806 915 3859; x_wconf 87' lang='lat' dir='ltr'>sie</span> <span class='ocrx_word' id='word_1_297' title='bbox 933 3805 1019 3859; x_wconf 88' lang='lat' dir='ltr'>facito</span> <span class='ocrx_word' id='word_1_298' title='bbox 1040 3805 1066 3858; x_wconf 91' lang='lat' dir='ltr'><strong><em>A</em></strong></span> <span class='ocrx_word' id='word_1_299' title='bbox 1099 3805 1203 3858; x_wconf 89' lang='lat' dir='ltr'>Panem</span> <span class='ocrx_word' id='word_1_300' title='bbox 1223 3801 1390 3870; x_wconf 90' lang='lat' dir='ltr'>depsticium</span> 
     </span>
     <span class='ocr_line' id='line_1_35' title="bbox 246 3891 1390 3963; baseline -0.003 -15"><span class='ocrx_word' id='word_1_301' title='bbox 246 3895 286 3949; x_wconf 87' lang='lat' dir='ltr'>sic</span> <span class='ocrx_word' id='word_1_302' title='bbox 304 3894 390 3949; x_wconf 87' lang='lat' dir='ltr'>facito</span> <span class='ocrx_word' id='word_1_303' title='bbox 408 3895 523 3959; x_wconf 86' lang='lat' dir='ltr'>PVc&#39;ct.,</span> <span class='ocrx_word' id='word_1_304' title='bbox 541 3895 646 3948; x_wconf 90' lang='lat' dir='ltr'>Panem</span> <span class='ocrx_word' id='word_1_305' title='bbox 665 3893 822 3963; x_wconf 87' lang='lat' dir='ltr'>depstienm</span> <span class='ocrx_word' id='word_1_306' title='bbox 841 3894 880 3947; x_wconf 88' lang='lat' dir='ltr'>sie</span> <span class='ocrx_word' id='word_1_307' title='bbox 899 3893 984 3948; x_wconf 82' lang='lat' dir='ltr'>facito</span> <span class='ocrx_word' id='word_1_308' title='bbox 1005 3896 1019 3947; x_wconf 86' lang='lat' dir='ltr'>b</span> <span class='ocrx_word' id='word_1_309' title='bbox 1039 3894 1143 3948; x_wconf 86' lang='lat' dir='ltr'>Panem</span> <span class='ocrx_word' id='word_1_310' title='bbox 1163 3891 1327 3962; x_wconf 84' lang='lat' dir='ltr'>depsiticnm</span> <span class='ocrx_word' id='word_1_311' title='bbox 1348 3891 1390 3944; x_wconf 84' lang='lat' dir='ltr'>sie</span> 
     </span>
     <span class='ocr_line' id='line_1_36' title="bbox 245 3979 1297 4052; baseline -0.005 -16"><span class='ocrx_word' id='word_1_312' title='bbox 245 3984 366 4038; x_wconf 83' lang='lat' dir='ltr'>facitne</span> <span class='ocrx_word' id='word_1_313' title='bbox 441 3982 607 4052; x_wconf 87' lang='lat' dir='ltr'>depsticium</span> <span class='ocrx_word' id='word_1_314' title='bbox 629 3983 695 4036; x_wconf 87' lang='lat' dir='ltr'>Pbc</span> <span class='ocrx_word' id='word_1_315' title='bbox 714 3982 880 4051; x_wconf 88' lang='lat' dir='ltr'>depstitium</span> <span class='ocrx_word' id='word_1_316' title='bbox 898 3982 924 4035; x_wconf 91' lang='lat' dir='ltr'><strong><em>A</em></strong></span> <span class='ocrx_word' id='word_1_317' title='bbox 945 3983 1083 4051; x_wconf 82' lang='lat' dir='ltr'>depotinm</span> <span class='ocrx_word' id='word_1_318' title='bbox 1101 3979 1297 4050; x_wconf 85' lang='lat' dir='ltr'>ftestitiumo</span> 
     </span>
     <span class='ocr_line' id='line_1_37' title="bbox 247 4067 1392 4142; baseline -0.002 -16"><span class='ocrx_word' id='word_1_319' title='bbox 247 4079 278 4129; x_wconf 79' lang='lat'>17</span> <span class='ocrx_word' id='word_1_320' title='bbox 299 4073 436 4142; x_wconf 89' lang='lat' dir='ltr'>paulatim</span> <span class='ocrx_word' id='word_1_321' title='bbox 452 4072 510 4126; x_wconf 83' lang='lat' dir='ltr'>VR</span> <span class='ocrx_word' id='word_1_322' title='bbox 528 4071 682 4141; x_wconf 87' lang='lat' dir='ltr'>pauleatim</span> <span class='ocrx_word' id='word_1_323' title='bbox 698 4071 725 4124; x_wconf 93' lang='lat' dir='ltr'><strong><em>A</em></strong></span> <span class='ocrx_word' id='word_1_324' title='bbox 789 4071 922 4140; x_wconf 86' lang='lat' dir='ltr'>defingito</span> <span class='ocrx_word' id='word_1_325' title='bbox 942 4071 1111 4139; x_wconf 79' lang='lat' dir='ltr'>coquItoque</span> <span class='ocrx_word' id='word_1_326' title='bbox 1131 4070 1187 4124; x_wconf 85' lang='lat' dir='ltr'>VR</span> <span class='ocrx_word' id='word_1_327' title='bbox 1205 4067 1318 4122; x_wconf 87' lang='lat' dir='ltr'>definito</span> <span class='ocrx_word' id='word_1_328' title='bbox 1338 4069 1392 4135; x_wconf 82' lang='lat' dir='ltr'>(eet</span> 
     </span>
     <span class='ocr_line' id='line_1_38' title="bbox 246 4160 578 4231; baseline 0 -17"><span class='ocrx_word' id='word_1_329' title='bbox 246 4161 376 4231; x_wconf 86' lang='lat' dir='ltr'>desinite)</span> <span class='ocrx_word' id='word_1_330' title='bbox 397 4160 532 4230; x_wconf 86' lang='lat' dir='ltr'>quoquito</span> <span class='ocrx_word' id='word_1_331' title='bbox 551 4160 578 4213; x_wconf 89' lang='lat' dir='ltr'><strong><em>A</em></strong></span> 
     </span>
     <span class='ocr_line' id='line_1_39' title="bbox 318 4245 1392 4303; baseline 0 -1"><span class='ocrx_word' id='word_1_332' title='bbox 318 4256 350 4302; x_wconf 85' lang='grc'>19</span> <span class='ocrx_word' id='word_1_333' title='bbox 374 4248 406 4303; x_wconf 86' lang='lat' dir='ltr'>R.</span> <span class='ocrx_word' id='word_1_334' title='bbox 430 4248 584 4302; x_wconf 87' lang='lat' dir='ltr'>LXXXIIII</span> <span class='ocrx_word' id='word_1_335' title='bbox 608 4247 706 4302; x_wconf 85' lang='lat' dir='ltr'>Cibum</span> <span class='ocrx_word' id='word_1_336' title='bbox 734 4246 774 4301; x_wconf 83' lang='lat' dir='ltr'>sic</span> <span class='ocrx_word' id='word_1_337' title='bbox 796 4248 882 4302; x_wconf 84' lang='lat' dir='ltr'>faeiio</span> <span class='ocrx_word' id='word_1_338' title='bbox 902 4249 928 4301; x_wconf 88' lang='lat' dir='ltr'><strong><em>A</em></strong></span> <span class='ocrx_word' id='word_1_339' title='bbox 956 4247 1058 4301; x_wconf 89' lang='lat' dir='ltr'>Libum</span> <span class='ocrx_word' id='word_1_340' title='bbox 1082 4246 1122 4300; x_wconf 86' lang='lat' dir='ltr'>sie</span> <span class='ocrx_word' id='word_1_341' title='bbox 1139 4247 1260 4301; x_wconf 84' lang='lat' dir='ltr'>facitob</span> <span class='ocrx_word' id='word_1_342' title='bbox 1288 4245 1392 4302; x_wconf 90' lang='lat' dir='ltr'>Libum</span> 
     </span>
     <span class='ocr_line' id='line_1_40' title="bbox 246 4324 1393 4401; baseline 0 -12"><span class='ocrx_word' id='word_1_343' title='bbox 246 4339 299 4390; x_wconf 92' lang='lat' dir='ltr'>hoc</span> <span class='ocrx_word' id='word_1_344' title='bbox 314 4337 397 4392; x_wconf 91' lang='lat' dir='ltr'>modo</span> <span class='ocrx_word' id='word_1_345' title='bbox 417 4337 502 4392; x_wconf 88' lang='lat' dir='ltr'>facito</span> <span class='ocrx_word' id='word_1_346' title='bbox 520 4337 547 4390; x_wconf 91' lang='lat' dir='ltr'><em>V</em></span> <span class='ocrx_word' id='word_1_347' title='bbox 616 4337 712 4391; x_wconf 81' lang='lat' dir='ltr'>Cibum</span> <span class='ocrx_word' id='word_1_348' title='bbox 733 4336 760 4390; x_wconf 89' lang='lat' dir='ltr'><strong><em>A</em></strong></span> <span class='ocrx_word' id='word_1_349' title='bbox 834 4337 951 4391; x_wconf 76' lang='lat' dir='ltr'>disier-as</span> <span class='ocrx_word' id='word_1_350' title='bbox 970 4336 999 4389; x_wconf 92' lang='lat' dir='ltr'>in</span> <span class='ocrx_word' id='word_1_351' title='bbox 1018 4324 1159 4401; x_wconf 84' lang='lat' dir='ltr'>mortario,</span> <span class='ocrx_word' id='word_1_352' title='bbox 1178 4333 1227 4387; x_wconf 89' lang='lat' dir='ltr'>ubi</span> <span class='ocrx_word' id='word_1_353' title='bbox 1246 4334 1316 4388; x_wconf 89' lang='lat' dir='ltr'>bene</span> <span class='ocrx_word' id='word_1_354' title='bbox 1336 4336 1393 4389; x_wconf 83' lang='lat' dir='ltr'>dia-</span> 
     </span>
     <span class='ocr_line' id='line_1_41' title="bbox 246 4422 1393 4496; baseline 0.002 -18"><span class='ocrx_word' id='word_1_355' title='bbox 246 4425 358 4480; x_wconf 84' lang='lat' dir='ltr'>triuoris</span> <span class='ocrx_word' id='word_1_356' title='bbox 372 4428 525 4482; x_wconf 82' lang='lat' dir='ltr'>Pontedera</span> <span class='ocrx_word' id='word_1_357' title='bbox 531 4444 560 4496; x_wconf 87' lang='lat' dir='ltr'>p.</span> <span class='ocrx_word' id='word_1_358' title='bbox 570 4431 606 4482; x_wconf 82' lang='lat'>65</span> <span class='ocrx_word' id='word_1_359' title='bbox 656 4432 690 4480; x_wconf 80' lang='lat'>20</span> <span class='ocrx_word' id='word_1_360' title='bbox 699 4424 829 4481; x_wconf 85' lang='lat' dir='ltr'>libramo</span> <span class='ocrx_word' id='word_1_361' title='bbox 847 4425 921 4480; x_wconf 88' lang='lat' dir='ltr'>libra</span> <span class='ocrx_word' id='word_1_362' title='bbox 932 4424 1022 4478; x_wconf 81' lang='lat' dir='ltr'><strong><em>PAR</em></strong></span> <span class='ocrx_word' id='word_1_363' title='bbox 1077 4429 1109 4477; x_wconf 80' lang='lat'>21</span> <span class='ocrx_word' id='word_1_364' title='bbox 1121 4422 1354 4493; x_wconf 66' lang='lat' dir='ltr'>inditopndidiro</span> <span class='ocrx_word' id='word_1_365' title='bbox 1364 4426 1393 4479; x_wconf 91' lang='lat' dir='ltr'><strong><em>A</em></strong></span> 
     </span>
    </p>
   </div>
   <div class='ocr_carea' id='block_1_6' title="bbox 0 0 1508 5018">
    <p class='ocr_par' dir='ltr' id='par_1_12' title="bbox 0 0 1508 5018">
     <span class='ocr_line' id='line_1_42' title="bbox 0 0 1508 5018; baseline 0 0"><span class='ocrx_word' id='word_1_366' title='bbox 0 0 1508 5018; x_wconf 95' lang='lat' dir='ltr'> </span> 
     </span>
    </p>
   </div>
  </div>
 </body>
</html>
