2994 5018
420 366 467 420 na
488 367 575 420 Acar
595 341 766 421 overran
785 365 813 421 c.
837 370 1004 428 rar-158
1222 362 1284 427 105

142 533 266 593 excidet.
309 542 338 594 et
357 533 409 594 ubi
433 534 589 615 exciderit,
613 541 712 594 tamen
736 533 849 613 aliquot
872 534 935 593 dies
959 532 1036 592 idem
1056 533 1158 613 lecito,
1177 539 1216 592 *ut
1240 550 1284 591 ra·

143 641 223 700 dices
247 640 347 720 polypi
365 660 506 720 persanas
526 643 624 702 iacias.
667 641 788 702 auribus
809 643 952 720 siparum
968 640 1084 719 audica,
1107 641 1196 699 terito
1216 657 1284 699 curn
1305 641 1344 697 16

103 746 106 752 ’
142 749 210 807 vino
234 747 408 830 brassicam,
433 767 537 809 sucum
562 751 732 829 exprimito,
756 751 786 808 in
811 767 912 808 aurem
936 749 1014 807 intro
1040 747 1171 825 tepidum
1191 745 1284 805 instil-

142 852 215 913 lato:
239 856 299 914 cito
323 863 351 914 te
375 855 529 933 intelleges
548 856 615 934 plus
640 856 751 916 audire.
770 852 793 935 †
812 856 988 933 depetigiuis
1002 871 1109 932 porcae
1124 852 1285 912 brassicam

116 963 297 1039 copponito7
322 980 421 1021 sanam
446 964 534 1022 laciet
558 972 587 1023 et
610 963 696 1023 ulcus
720 981 780 1022 uon
803 963 897 1021 laciet.

232 1066 335 1128 Alvum
359 1069 476 1129 deicere
495 1070 552 1131 boc
580 1071 666 1131 modo
695 1077 825 1151 oportet,
855 1072 880 1129 si
908 1072 951 1129 vis
979 1069 1054 1129 bene
1079 1068 1132 1129 tibi
1157 1068 1282 1127 deicere.
1325 1063 1428 1122 thllI

145 1193 227 1235 sume
251 1176 306 1236 tibi
330 1175 429 1257 ollam,
454 1178 552 1238 addito
577 1197 612 1238 eo
636 1197 729 1258 aquae
753 1179 898 1238 sextarios
923 1194 973 1236 sex
997 1184 1027 1235 et
1051 1194 1085 1235 eo
1110 1175 1209 1235 addito
1233 1193 1285 1234 un-

144 1281 240 1359 gulam
261 1283 296 1342 de
316 1301 416 1361 perna.
459 1286 484 1344 si
500 1285 638 1362 ungulam
653 1303 712 1344 non
727 1284 862 1365 babebis,
887 1283 986 1344 addito
1001 1283 1037 1343 de
1051 1301 1142 1361 perna
1157 1282 1286 1342 frustum

143 1403 173 1448 Ρ.
193 1401 210 1449 S
234 1407 322 1467 quarn
348 1391 467 1449 minime
491 1393 609 1469 pingue.
651 1391 701 1451 ubi
726 1394 782 1451 iam
807 1399 924 1452 coctum
949 1393 1053 1469 incipit
1077 1408 1156 1469 esse,
1180 1407 1214 1448 eo
1239 1388 1287 1447 ad-

106 1521 131 1560 ro
145 1496 206 1556 dito
231 1495 380 1556 brassicae
405 1496 546 1558 coliculos
570 1500 657 1580 dum,
682 1499 766 1558 betae
782 1497 923 1559 coliculos
939 1499 1013 1558 duos
1028 1516 1095 1558 cum
1111 1496 1287 1574 radicesue,

143 1601 278 1662 feliculae
301 1603 428 1682 pullum,
452 1605 561 1664 herbae
585 1605 770 1665 mercurialis
790 1624 848 1665 non
865 1605 997 1686 multum,
1022 1603 1193 1665 mitulorum
1207 1617 1237 1662 L.
1252 1616 1287 1683 11,

144 1712 255 1789 piscem
281 1712 446 1788 capitonem
472 1719 501 1771 et
525 1714 712 1790 scorpionem
731 1727 755 1791 Ι,
789 1711 925 1771 cochleas
949 1729 999 1770 sex
1030 1718 1059 1771 et
1086 1711 1175 1771 lentis
1193 1708 1287 1788 pugil·

144 1816 213 1877 lum.
255 1816 327 1877 baec
352 1819 449 1876 omnia
474 1818 631 1896 decoquito
655 1837 750 1897 usque
775 1818 810 1877 ad
840 1819 984 1877 sextarios
1008 1833 1046 1877 111
1070 1819 1152 1877 iuris,
1190 1808 1325 1876 oleum2

144 1942 181 1983 ue
205 1905 362 1983 addideris.
400 1923 530 1983 indidem
555 1943 638 1984 sume
662 1924 716 1985 tibi
741 1927 902 1984 sextarium
929 1942 1021 1983 unum
1043 1924 1189 2002 tepidum,
1214 1923 1288 1982 adde

106 2031 207 2090 15vi11l
230 2032 277 2089 coi
299 2038 415 2108 cyatum
439 2049 545 2111 numu,
574 2032 655 2112 bibe,
684 2033 898 2111 interquiesce,
922 2032 1028 2092 deinde
1051 2033 1160 2092 iterum
1185 2029 1289 2090 eodem

147 2135 247 2215 modo,
280 2136 385 2196 deinde
419 2139 554 2197 tertium:
591 2138 732 2217 purgabis
761 2147 790 2198 te
821 2137 905 2197 bene.
948 2146 977 2197 et
1005 2140 1030 2197 si
1058 2136 1138 2196 voles
1166 2139 1305 2214 iusuper,

148 2243 248 2301 viuum
272 2260 358 2302 coum
381 2245 506 2303 mixtum
530 2242 646 2324 bibere,
670 2244 771 2305 licebit
794 2244 884 2305 bibas.
927 2264 962 2304 en
982 2247 1019 2305 iis
1037 2252 1082 2305 tot
1096 2243 1186 2304 rebus
1210 2242 1289 2322 quod

234 2512 247 2558 1
267 2505 381 2574 aliquod
400 2506 459 2561 dies
481 2507 560 2560 PAb
570 2509 588 2574 f
601 2470 716 2575 aliquod
735 2507 795 2561 dies
815 2525 828 2560 c
847 2507 955 2575 aliquot
974 2506 1032 2560 dies
1051 2525 1067 2561 c
1158 2513 1173 2559 2
1192 2504 1291 2575 polypi

150 2647 205 2700 VA
224 2646 314 2716 polipi
334 2648 369 2701 bc
441 2655 571 2702 3sucum
593 2650 683 2703 PAR
707 2667 854 2704 succumo
926 2609 1053 2705 inutilem
1072 2650 1099 2704 A
1172 2650 1289 2703 cintel-

147 2735 224 2806 leges
239 2738 266 2789 A
286 2736 422 2806 inteleges
437 2739 454 2803 f
467 2738 611 2807 intelliges
625 2738 689 2792 Vtc
760 2739 795 2792 de
814 2737 947 2808 petiginis
966 2755 1067 2807 porcae
1083 2739 1171 2792 PAR
1190 2738 1290 2793 deinde

146 2825 307 2894 impetigini
329 2842 431 2894 porcae
449 2844 473 2880 o.
513 2828 645 2896 ‘Antiqua‘
668 2829 745 2896 libri,
775 2827 815 2881 De
839 2826 978 2896 petigenis
1001 2827 1118 2898 porcae'
1145 2827 1288 2882 Victorius.

147 2913 303 2984 depetigini
321 2932 437 2982 spurcae
456 2916 642 2971 Schneiderue.
676 2919 710 2984 cf.
732 2918 808 2972 Pico.
828 2921 875 2984 20,
895 2922 932 2972 83
959 2920 987 2972 et
1004 2917 1173 2988 inpetigines
1192 2917 1290 2972 eadem

148 3004 241 3057 sanari
260 3004 319 3057 sinc
338 3005 430 3058 ulcere
504 3011 520 3059 5
540 3024 636 3061 sanam
655 3005 741 3060 faciet
764 3007 818 3061 VR
837 3024 934 3061 sanam
953 3007 1039 3062 faciet
1057 3024 1125 3062 corr.
1146 3007 1197 3060 -ies
1214 3008 1241 3059 A

220 3116 236 3163 6
254 3112 286 3164 R.
306 3109 416 3164 CLXVI
435 3109 537 3164 Album
557 3112 666 3166 deicere
685 3113 738 3166 hoc
757 3113 838 3166 modo
858 3115 969 3181 oportet
987 3115 1014 3166 A
1043 3113 1145 3167 Aluum
1171 3113 1291 3168 deiicere

148 3199 203 3252 hoc
231 3200 312 3253 modo
337 3200 447 3268 oportet
469 3200 496 3252 V
519 3199 623 3253 Aluum
651 3201 759 3254 deicere
788 3201 811 3254 si
835 3202 913 3255 uoles
939 3202 1006 3269 quid
1034 3203 1125 3257 faeere
1154 3203 1291 3264 debeant

148 3287 251 3341 Aluum
271 3289 294 3341 si
312 3289 391 3343 uoles
410 3288 529 3342 deiicere
552 3289 690 3343 Victorius
770 3290 872 3343 Aluum
892 3290 1007 3358 (Album
1025 3292 1063 3359 A)
1083 3290 1191 3346 deicere
1211 3289 1291 3360 (deii-

148 3393 210 3431 cere
232 3377 268 3447 P)
287 3377 341 3430 hoc
360 3378 442 3431 modo
461 3379 574 3446 oportet
591 3378 614 3432 si
633 3379 676 3432 uis
695 3379 765 3433 bene
784 3379 838 3433 tibi
861 3379 969 3433 deicere
991 3380 1091 3434 PAbc
1116 3380 1218 3433 Album
1237 3380 1292 3433 hoc

148 3467 231 3521 modo
250 3466 358 3520 deicere
377 3468 489 3536 oportet
508 3465 531 3518 si
550 3467 592 3520 uis
610 3467 681 3521 bene
700 3466 753 3521 tibi
771 3467 911 3534 deiceref
929 3467 1031 3521 Aluum
1050 3468 1074 3521 si
1092 3466 1135 3521 uis
1155 3468 1225 3521 bene
1245 3467 1291 3522 de·

148 3556 266 3610 iicerec
375 3553 529 3617 &habebis
553 3556 649 3637 addito
673 3556 707 3609 de
730 3573 817 3624 perna
834 3556 988 3623 Aurae,
1021 3557 1137 3611 habebis
1160 3573 1232 3626 pona
1257 3557 1291 3611 de

148 3660 234 3713 perna
256 3643 282 3696 V
363 3651 396 3698 10
416 3645 555 3699 brassicae
574 3645 706 3699 colicolos
726 3646 795 3699 duos
814 3646 858 3699 Pc
885 3646 1006 3700 brassice
1026 3645 1158 3701 coliculos
1177 3646 1246 3700 duos
1264 3646 1292 3699 A

149 3731 288 3786 brassicae
308 3733 441 3787 colicolos
460 3734 486 3787 ΙΙ
505 3735 520 3787 b
539 3734 677 3788 brassicae
697 3733 810 3788 eollicos
830 3735 899 3789 duos
918 3737 936 3802 f
953 3734 1094 3789 brassicae
1113 3733 1247 3790 coliculos
1265 3736 1292 3788 11

149 3836 164 3872 c
254 3821 317 3875 bete
338 3821 427 3888 (betre
447 3826 470 3888 c)
498 3822 630 3876 colicolos
648 3821 675 3873 Il
695 3822 751 3875 PR
780 3821 855 3877 betia
874 3823 900 3876 II
918 3824 945 3877 A
973 3823 1055 3877 betae
1079 3823 1213 3877 coliculos
1231 3823 1292 3877 Ilo

240 3898 277 3962 11'
291 3909 400 3977 pullum
421 3910 511 3963 PAR
538 3910 688 3979 paulumc
784 3917 816 3963 12
836 3912 966 3966 cochleas
985 3929 1032 3966 sex
1053 3912 1080 3964 P
1107 3912 1235 3966 cochleas
1254 3911 1293 3964 VI

148 3999 197 4051 Aa
217 3999 325 4052 cocleas
345 4014 392 4050 sex
411 3999 447 4051 bc
466 3999 596 4053 coclileas
615 3998 653 4052 Vl
671 4001 688 4064 f
793 4006 824 4052 13
845 4001 994 4068 decoquito
1014 4001 1049 4054 bc
1075 4000 1246 4068 dequoquito
1265 4001 1292 4055 A

149 4088 262 4156 coquito
285 4087 316 4153 V,
340 4103 389 4141 om.
409 4089 427 4152 f
530 4094 564 4141 14
590 4088 714 4141 indidem
737 4087 921 4157 interquiesce
945 4089 1045 4143 deinde
1070 4089 1171 4144 iterum
1196 4091 1292 4145 eodem

148 4193 240 4242 sume,
263 4176 309 4230 sed
327 4175 419 4229 deletis
437 4175 623 4243 interquiesce
643 4207 674 4214 —
695 4177 793 4230 eodem
811 4160 838 4230 A
861 4218 869 4231 .
947 4178 1097 4231 sextarium
1117 4178 1214 4248 unum]
1234 4195 1292 4232 sex·

148 4302 251 4355 acaum
271 4301 366 4353 uanum
381 4300 409 4352 A
466 4305 497 4353 ra
517 4300 575 4353 urna
595 4301 667 4354 coro
686 4300 746 4353 urar
765 4301 809 4354 cur
824 4302 922 4368 Patr
935 4301 995 4355 urna
1014 4272 1058 4355 ela
1077 4303 1092 4355 a
1161 4302 1292 4370 cyathum

148 4389 223 4443 IPc
242 4390 353 4457 cyatum
372 4388 385 4454 ΙΙ
403 4388 430 4442 A
450 4389 553 4442 ciatum
573 4390 692 4442 unumb
717 4390 850 4459 cyathum
870 4408 989 4444 nnuma
1081 4396 1114 4443 16
1134 4389 1248 4443 tertium
1270 4389 1297 4442 V

149 4479 267 4533 tercium
287 4479 357 4544 Abf
371 4480 506 4533 tertotum
526 4494 539 4531 c
658 4485 688 4531 17
708 4495 742 4532 ex
759 4477 793 4532 iis
813 4479 857 4531 tot
874 4479 957 4531 rebus
976 4477 1003 4528 A
1015 4477 1097 4544 Vict,
1118 4478 1216 4533 exusto
1236 4479 1291 4536 tre-
