2994 5018
448 361 496 414 on
515 360 604 413 acm
623 323 793 414 cunnum
813 359 842 414 c.
863 361 990 420 21-23
1236 351 1289 422 <35

147 518 236 590 erunt
263 539 351 610 atque
376 531 499 590 nimium
524 504 698 590 mortanum
723 529 859 589 deorsom
883 535 972 608 teret,
1002 525 1151 588 orbiculos
1176 526 1288 606 ligneos

147 644 285 716 pertusos
319 640 349 696 in
384 637 542 697 miliarIum
570 639 599 697 in
630 636 783 697 columella
820 639 993 716 supponite,
1031 655 1065 695 eo
1103 634 1288 696 altitudinem

147 752 318 823 temperato.
361 745 463 805 eodem
488 744 575 804 modo
599 744 785 804 latitudinem
809 743 951 803 orbiculis
974 744 1080 821 ligneis
1099 749 1149 802 aut
1168 741 1307 802 armillis·

148 852 254 911 lerreis
277 859 455 931 temperato,
480 847 670 930 usquedum
693 858 775 910 recte
799 849 1022 928 temperabitur.

120 967 132 1006 ⁵
236 959 382 1037 Trapetus
398 965 524 1036 'emptus
548 966 593 1018 est
616 959 646 1017 in
671 956 819 1018 Suessano
838 969 883 1016 Hs
903 969 987 1019 cccc
1011 965 1041 1017 et
1064 955 1121 1016 olei
1145 972 1197 1017 Pn.
1221 974 1289 1017 con·
1310 959 1328 1014 3

146 1074 286 1146 posturae
305 1078 350 1125 Hs
368 1080 428 1126 nx:
451 1073 604 1126 vecturam
623 1063 722 1144 houm,
747 1083 852 1144 operas
870 1059 915 1144 vn
938 1064 1072 1124 homines
1092 1080 1127 1126 v1
1151 1084 1219 1125 cum
1237 1064 1290 1125 bu·

128 1193 132 1201 ¹
147 1172 243 1233 bulcis
257 1185 301 1232 ns
316 1186 426 1232 Lxxn:
450 1187 556 1250 cupam
573 1179 706 1232 ornatam
721 1184 765 1231 Rs
780 1185 888 1250 nxxn,
910 1189 963 1249 pro
984 1169 1048 1230 oleo
1062 1183 1107 1230 Hs
1121 1187 1204 1233 xxv:
1224 1186 1249 1232 s,
1265 1185 1290 1232 s.

147 1292 192 1338 ns
210 1292 393 1340 ncxxviln.
430 1279 568 1357 Pompeis
588 1286 705 1356 emptus
720 1286 843 1357 ornatus
857 1291 901 1338 Hs
921 1290 1121 1338 cccxxcnn:
1141 1286 1291 1338 vecturam

148 1399 192 1444 ns
212 1399 336 1446 ccxxc:
360 1386 440 1445 domi
459 1384 564 1446 melius
585 1387 782 1445 concinnatur
801 1392 830 1444 ct
850 1385 1101 1464 accommodatur,
1125 1403 1160 1443 eo
1180 1386 1292 1462 sumpti

108 1507 133 1544 10
148 1510 223 1569 opus
243 1500 288 1551 est
306 1506 350 1553 Hs
369 1507 427 1578 Lx:
452 1506 477 1554 s.
497 1505 522 1554 s.
542 1505 586 1552 ns
601 1504 777 1552 Dccxxssn.
815 1477 840 1550 si
862 1490 950 1551 orbes
974 1472 1005 1550 in
1024 1499 1140 1551 veteres
1159 1498 1290 1569 trapetos
1310 1494 1330 1549 4

148 1598 278 1679 parabis,
302 1600 419 1660 medios
439 1617 555 1660 crassos
575 1615 604 1658 P.
624 1613 637 1658 1
660 1599 769 1676 digitos
788 1613 840 1677 111,
864 1597 938 1659 altos
956 1614 984 1658 Ρ.
1004 1613 1031 1677 1,
1054 1598 1186 1657 foramen
1206 1599 1291 1657 semi-

147 1706 252 1783 pedem
277 1706 405 1786 quoquo'
420 1712 548 1767 vorsum.
586 1725 638 1766 eos
661 1725 729 1765 cum
749 1706 911 1787 adveneris,
935 1724 968 1764 ex
989 1712 1105 1784 trapeto
1120 1696 1292 1785 temperato.

147 1813 169 1870 ii
188 1818 329 1872 emuntur
347 1813 383 1872 ad
397 1812 483 1872 llulri
498 1815 641 1873 macerias
660 1827 704 1872 ns
719 1827 820 1892 cxxc,
840 1820 1044 1890 temperantur
1062 1825 1106 1872 ns
1120 1826 1198 1872 xxx.
1232 1821 1292 1873 tan-

148 1918 239 1977 tidem
262 1918 401 1997 Pompeis
428 1923 545 1980 emitur.

107 2036 133 2075 1⁵
212 2043 213 2047 ¹
237 2024 294 2084 Fac
319 2026 353 2085 ad
378 2026 554 2086 vindemiam
579 2045 654 2106 quae
673 2044 749 2104 opus
773 2034 843 2086 sunt
867 2033 900 2086 ut
923 2035 1073 2104 parentur.
1106 2045 1173 2085 vasa
1198 2026 1292 2085 laven·
1312 2024 1400 2082 XXIII

149 2139 210 2211 tur,
239 2131 378 2192 corbulae
407 2135 586 2212 sarciantur,
616 2135 768 2211 pluuntur,
799 2132 875 2192 dolia
900 2150 976 2209 quae
1002 2151 1077 2211 opus
1102 2140 1171 2192 sunt
1194 2134 1292 2210 picen-

149 2245 207 2298 tur.
241 2257 330 2317 quom
355 2238 445 2318 pluet,
469 2238 554 2317 quala
578 2249 733 2319 parentur,
758 2242 936 2319 sarciantur,
961 2240 1005 2298 iar
1028 2237 1168 2318 molatur,
1192 2256 1294 2299 menae

150 2353 300 2425 emantur,
328 2343 410 2405 oleae
434 2347 562 2406 caducae
586 2347 749 2408 saillantur.
786 2366 858 2407 uvas
880 2346 1041 2426 miscellas‚
1065 2347 1166 2406 vinum
1189 2333 1293 2424 praeli·
1314 2352 1331 2408 2

223 2611 237 2656 1
258 2605 384 2658 deorsum
400 2605 428 2658 P
442 2607 559 2661 deorson
578 2624 593 2660 c
611 2608 740 2661 deorsum
754 2609 825 2661 Abu
892 2614 912 2660 ·3
927 2606 1117 2676 latitudinem]
1137 2605 1295 2669 latitudinis

150 2693 177 2747 A
227 2744 231 2751 ‚
257 2692 376 2747 armillis
393 2693 490 2748 ferreis
509 2697 666 2765 temperato
690 2695 746 2748 VR
764 2695 870 2750 armilis
888 2695 985 2750 ferreis
1004 2695 1161 2766 temperato.
1179 2695 1208 2747 A

151 2782 289 2851 5145]st
311 2781 402 2835 PAR
420 2785 584 2839 nummiso:
603 2786 667 2838 item
685 2786 843 2854 durationis
914 2784 969 2839 olei
988 2802 1015 2853 p.
1035 2784 1053 2837 l.
1079 2782 1172 2836 VAR
1250 2787 1295 2837 cd·

150 2873 281 2940 postorae
300 2870 327 2922 V
343 2876 518 2940 composture
533 2874 561 2927 R
580 2875 775 2944 conposlulare
789 2891 858 2929 corr.
874 2875 1041 2946 conposture
1055 2874 1082 2925 A
1151 2873 1297 2927 euentura

150 2960 235 3014 boum
250 2962 345 3029 priore
364 2962 420 3015 loco
440 2962 530 3015 VAR
603 2970 684 3031 Vpro
703 2963 766 3017 oleo
779 2966 809 3015 ll
822 2962 899 3015 XXV
914 2961 1002 3029 (XXV
1021 2963 1053 3015 iu
1071 2978 1157 3030 muru.
1173 2960 1211 3028 A)
1226 2961 1252 3014 S.
1269 2960 1295 3014 S.

87 3047 90 3052 ’
150 3051 179 3100 ll
193 3048 397 3103 Dccxxvlni
408 3051 500 3104 PAR
518 3068 569 3121 pro
589 3052 651 3105 oleo
660 3052 695 3105 N.
710 3050 796 3105 XXV.
816 3050 932 3106 Summa
946 3050 1051 3119 sumpti
1066 3050 1100 3104 N.
1115 3047 1296 3102 DOXXVIIII

151 3137 309 3203 Iucundos,
339 3138 395 3192 olei
413 3140 550 3193 torculum
570 3142 599 3194 ei
616 3155 684 3193 uasa
703 3142 815 3195 caetera
832 3139 952 3194 nummis
971 3138 1155 3208 septingentis
1174 3155 1190 3190 o

152 3226 331 3278 euecturam
348 3229 496 3294 posteriore
515 3230 570 3282 loco
590 3227 683 3282 PAR
700 3230 850 3282 necturae
923 3228 1139 3282 9concinnaiur
1159 3227 1214 3279 VR
1233 3242 1296 3280 con·
1336 3251 1340 3298 ς

153 3314 300 3367 cinnaniur
319 3315 345 3366 A
423 3316 621 3369 accomodatur
640 3318 667 3369 A
754 3315 912 3396 eanti
931 3315 1021 3367 PAR
1040 3333 1072 3369 eo
1092 3314 1215 3383 sumptui
1239 3315 1296 3368 cod.

152 3404 394 3470 nausearum
409 3404 551 3473 sumptus
624 3403 698 3460 ms.
714 3403 933 3458 unocxxun
948 3375 1297 3474 praesummus

152 3491 192 3560 A,
212 3511 261 3547 om.
281 3510 297 3546 o
366 3480 552 3549 ffe'os‘cum
571 3493 716 3556 aduexeris
730 3493 791 3546 AR
810 3509 857 3547 eos
875 3490 1020 3546 aduexeris
1045 3490 1071 3543 V
1139 3493 1297 3561 temparuto

152 3582 180 3634 A
254 3588 285 3634 13
305 3581 326 3634 ii
340 3584 471 3635 emunim·
487 3582 515 3635 P
527 3586 675 3636 nemuntur
689 3584 716 3636 A
732 3582 775 3636 ,IL
790 3582 920 3647 emunhrr
934 3581 949 3634 b
964 3579 1082 3634 ueniunt
1095 3597 1110 3634 c
1122 3580 1272 3633 nemnniur
1285 3580 1304 3646 f

95 3674 103 3688 '
153 3671 321 3722 uenuniuro
381 3670 499 3724 CCXXC
519 3687 587 3737 corr,
603 3670 697 3726 OXXC
713 3672 739 3724 A
802 3669 926 3724 sentines
943 3670 969 3722 A
1035 3674 1068 3721 14
1086 3669 1212 3738 pompeis
1231 3668 1298 3722 emi-

153 3759 200 3809 tur
221 3757 311 3810 PAR
329 3758 466 3827 pompeiis
487 3761 616 3827 emuntur
632 3773 649 3812 'o

102 3903 105 3910 ,
142 3878 148 3894 1
227 3850 260 3898 15
278 3845 310 3901 R.
329 3845 420 3898 XXVI
444 3846 487 3909 Ad
510 3846 682 3901 uindemiam
707 3864 779 3915 quae
804 3865 873 3916 opus
897 3849 962 3901 sunt
980 3847 1047 3915 (sint
1066 3847 1093 3914 b)
1116 3849 1148 3900 ut
1166 3846 1299 3914 parentur

154 3932 236 3985 APb
266 3930 343 3997 Quae
368 3933 404 3986 ad
427 3933 598 3988 uindemiem
622 3952 692 4004 opus
710 3936 781 3988 suni
803 3935 832 3988 in
851 3936 979 4004 tempore
997 3936 1165 4003 parenturo
1255 3933 1298 3984 fac

57 4048 126 4104 'J
156 4023 248 4076 PAR
267 4023 362 4077 faceo
439 4023 471 4074 ui
490 4024 623 4091 parentur
641 4023 732 4078 PAR
750 4022 792 4078 nii
810 4028 978 4092 parentur-o
1057 4029 1090 4076 16
1108 4023 1223 4089 fortasse
1241 4037 1299 4074 cor-

155 4111 237 4165 bulae
256 4111 424 4177 sarciantur,
448 4108 525 4164 dolia
542 4111 682 4180 picenium
709 4129 793 4181 quom
812 4111 904 4181 pluet,
931 4112 1016 4182 quala
1038 4111 1193 4166 sarciantur

155 4199 389 4268 pIceniurpra'oue
403 4199 459 4254 loco
473 4200 554 4253 crud
624 4207 656 4254 17
671 4218 756 4268 quom
772 4202 846 4268 be
855 4219 916 4256 cum
932 4202 979 4256 Ac
993 4201 1022 4255 et
1037 4216 1129 4254 cumo
1183 4215 1299 4254 maenae

161 4289 278 4343 Vmene
292 4288 360 4341 AR.
382 4288 434 4341 ‘Iu
449 4289 639 4357 autiquuasiuo
654 4290 804 4358 cuemplaui
817 4288 927 4344 Menae'
950 4289 1087 4343 Victorius
1152 4293 1184 4341 18
1204 4287 1312 4350 uinum⁴
1414 4292 1424 4309 '
1490 4286 1494 4299 '

157 4375 366 4445 praeliganenm
385 4375 442 4430 PR
469 4376 566 4431 uinum
589 4377 798 4445 praeliganeam
821 4391 890 4434 corr.
911 4387 969 4433 ssum
988 4378 1016 4431 A
1043 4379 1079 4431 ad
1102 4376 1197 4431 uinum
1221 4393 1300 4446 prae--

155 4464 332 4534 liganeumo
1094 4497 1096 4502 ·

1052 4555 1087 4608 3*
