2994 5018
475 333 523 387 DE
543 331 631 385 AGRI
651 330 821 386 CVLTVRA
841 331 869 386 (l.
891 338 975 394 2-3
1260 329 1301 392 15

154 509 263 598 Q
288 518 406 560 servum
430 517 540 580 senem,
565 517 683 559 servum
702 498 884 579 morbosum,
908 505 937 557 et
952 496 1050 576 siquid
1070 497 1143 557 aliut
1161 500 1301 579 supersit,

154 608 270 668 vendat.
307 616 422 687 patrem
446 607 571 667 familias
594 607 767 685 vendacem,
791 623 851 665 non
875 623 1005 665 emacem
1029 622 1093 665 esse
1118 611 1243 683 oportet.

243 713 342 773 Prima
366 714 566 774 adulescentia
580 721 695 792 patrem
709 713 834 774 10011100
855 730 958 791 agrum
978 730 1136 773 conserere
1152 710 1300 788 [studere]
1320 710 1359 766 lll

157 827 287 902 oportet,
316 821 472 881 aedificare
500 821 550 881 diu
579 823 709 901 cogitare
737 827 868 901 oportet3
899 839 1056 880 conserere
1085 821 1215 897 cogitare
1242 837 1302 878 non

129 935 288 1008 00000000,
312 928 364 988 sed
389 928 486 988 lacere
511 935 636 1007 oportet.
674 928 727 988 ubi
750 935 830 987 aetas
854 929 979 987 accessit
1009 927 1045 986 ad
1069 944 1161 987 00000
1210 940 1256 984 xx
1282 940 1294 985 1

155 1042 228 1095 tum*
248 1035 403 1095 aedificare
428 1043 558 1116 oportet,
589 1037 614 1094 si
638 1053 742 1113 agrum
765 1036 914 1095 consitum
937 1033 1054 1094 habeas.
1091 1036 1132 1094 ita
1155 1033 1302 1115 aedifices,

155 1159 193 1200 ne
218 1140 285 1200 villa
304 1140 429 1201 fundum
449 1149 571 1220 quaerat
598 1160 672 1202 nene
692 1141 808 1218 fundus
820 1145 937 1205 nillum.
977 1146 1092 1218 patrem
1107 1138 1232 1199 familiae
1252 1136 1302 1198 vil·
1323 1149 1341 1204 2

156 1247 213 1307 lam
241 1251 385 1308 rusticam
412 1248 488 1308 bene
517 1249 699 1309 aedificatam
725 1247 834 1308 habere
863 1247 996 1328 expedit,
1026 1246 1130 1306 cellam
1156 1246 1303 1326 oleariam,

156 1355 311 1435 vinariam,
340 1355 417 1415 dolia
440 1356 545 1439 multa,
576 1359 621 1417 uti
649 1356 749 1416 lubeat
773 1357 926 1416 caritatem
955 1361 1124 1433 expectare:
1150 1361 1179 1413 00
1202 1355 1247 1412 001
1275 1359 1305 1411 00

116 1476 142 1515 0
157 1461 261 1520 virtuti
284 1469 313 1521 et
337 1461 446 1540 gloriae
470 1464 535 1522 erit.
581 1461 740 1523 torcularia
769 1461 845 1521 bona
874 1461 984 1522 habere
1009 1468 1139 1540 oportet,
1168 1467 1201 1520 ut
1230 1477 1303 1537 opus

155 1566 231 1627 bene
261 1569 339 1628 effici
365 1571 468 1646 possit.
511 1569 572 1629 olea
602 1569 654 1629 ubi
677 1569 753 1629 lecta
778 1571 847 1648 siet,
876 1568 973 1628 oleum
1002 1569 1053 1627 liat
1082 1569 1236 1646 continuo,
1266 1583 1303 1625 00
1416 1570 1419 1581 ¹

156 1682 372 1753 corrumpatur.
420 1678 547 1755 cogitato
581 1678 739 1754 quotannis
769 1682 960 1754 tempestates
994 1692 1113 1752 magnas
1141 1675 1242 1733 venire
1273 1679 1303 1732 et

155 1779 248 1840 oleam
281 1782 399 1843 deicere
433 1781 537 1842 solere.
584 1784 610 1841 si
642 1785 701 1842 cito
735 1782 892 1843 sustuleris
925 1790 954 1842 et
983 1800 1049 1842 vasa
1079 1786 1181 1858 parata
1205 1784 1340 1859 erunt,3

155 1886 252 1947 damni
281 1888 355 1948 nihil
386 1891 444 1948 erit
467 1907 503 1948 ex
531 1896 708 1967 tempestate
733 1896 762 1949 et
786 1889 884 1949 oleum
907 1888 1032 1949 viridius
1060 1894 1090 1946 00
1113 1887 1219 1947 melius
1243 1887 1302 1946 fiet.

115 2006 140 2046 15
155 1995 179 2052 si
204 1996 234 2053 in
258 2002 337 2054 terra
363 2004 392 2055 00
415 1995 545 2056 tabulato
570 1995 632 2056 olea
656 1998 782 2057 nimium
805 1996 855 2056 diu
879 1997 945 2077 erit,
968 2001 1117 2074 putescat,
1141 1994 1238 2055 oleum
1262 1993 1303 2053 fe·
1322 1998 1341 2054 4

154 2099 249 2160 tidum
272 2103 331 2162 liet.
370 2120 405 2175 eu
430 2105 532 2182 quavis
556 2102 620 2163 olea
651 2103 747 2163 oleum
771 2103 896 2163 viridius
920 2111 949 2163 et
972 2101 1084 2162 bonum
1107 2102 1172 2161 fieri
1195 2107 1302 2181 potest,
1427 2079 1431 2090 ⁸

154 2207 179 2264 si
203 2209 330 2285 temperi
354 2209 452 2279 iacies.
490 2211 521 2267 in
545 2211 646 2287 iugera
671 2209 741 2269 oleti
765 2222 835 2270 cxx
859 2228 926 2268 vasa
949 2209 1018 2268 bina
1042 2226 1107 2268 esse
1127 2216 1253 2289 oportet,
1277 2209 1341 2270 015

154 2312 265 2371 oletum
290 2314 402 2373 bonum
425 2313 561 2393 beneque
586 2316 726 2394 frequens
750 2314 923 2394 cultumque
947 2317 1012 2375 erit.
1055 2322 1186 2393 trapetos
1209 2315 1303 2375 bonos

154 2419 255 2495 privos
279 2420 398 2498 inpares
423 2438 488 2480 esse
512 2428 638 2504 oportet,
663 2423 688 2481 si
712 2420 799 2481 orbes
823 2406 949 2481 contriti*
968 2423 1053 2502 sient,
1077 2428 1110 2481 ut
1130 2428 1301 2481 conmutare

115 2537 141 2576 20
156 2527 266 2606 000010,
291 2527 377 2587 funes
400 2527 498 2588 loreos
522 2530 632 2615 privos,
655 2537 754 2590 vectes
779 2548 875 2610 senos,
899 2529 1004 2590 fibulas
1027 2528 1187 2609 duodenas,
1211 2528 1301 2590 medi·

118 2758 128 2779 ·
228 2740 368 2787 lservum
382 2750 476 2789 senem
490 2735 633 2789 Plntnreb.
651 2735 770 2791 00004
842 2735 1110 2806 2patremlamilias
1123 2737 1199 2790 Pltn.
1211 2740 1255 2804 18,
1266 2740 1303 2790 30

154 2820 245 2879 Diona.
261 2840 291 2892 0.
312 2828 378 2890 368,
397 2829 437 2880 26
522 2830 538 2877 3
557 2825 647 2894 prima
666 2825 855 2880 adulescentia
874 2826 948 2881 Ple‘n.
964 2831 1007 2896 18,
1022 2831 1057 2880 31
1092 2824 1303 2892 Oolnna.14,8

229 3024 242 3071 1
263 3035 374 3072 seruum
392 3035 486 3072 senem
506 3035 618 3073 seruum
636 3019 796 3074 morbosum
814 3018 874 3074 AR
899 3037 1010 3074 seruum
1029 3037 1122 3075 senem
1142 3020 1302 3075 morbosum

162 3105 188 3158 V
257 3101 328 3159 aliut
346 3106 402 3159 PA
421 3106 499 3161 aliud
517 3107 566 3162 Ro

227 3199 243 3246 3
266 3195 298 3247 R.
322 3194 375 3248 llll
398 3195 492 3251 Prima
515 3196 707 3253 adulescentia
731 3216 829 3269 agrum
852 3216 995 3253 conserere
1020 3201 1132 3269 oportet
1155 3200 1182 3252 A
1210 3197 1303 3251 Prima

155 3281 345 3336 adolescentia
377 3300 476 3352 agrum
508 3287 621 3341 consere
655 3288 755 3355 (serere
784 3289 810 3355 b)
843 3289 955 3356 oportet
983 3287 1030 3342 Pb
1043 3288 1124 3355 Vna,
1158 3286 1302 3351 Quomodo

156 3387 254 3439 agrum
273 3372 303 3425 10
317 3372 508 3427 adulescentia
522 3390 665 3428 conserere
684 3377 793 3444 patrem
811 3375 933 3429 familias
948 3377 1075 3443 oporteat
1088 3393 1104 3428 0
1177 3382 1194 3428 4
1209 3375 1303 3429 aedifi·

156 3477 219 3514 care
240 3460 287 3514 diu
307 3460 431 3531 cogitare
447 3465 559 3532 oportet
574 3480 718 3518 conserere
733 3464 858 3533 cogitare
872 3482 928 3518 000
943 3463 1151 3532 oportetAIto.
1182 3464 1304 3533 0100000

156 3566 298 3605 conserere
322 3553 554 3620 transponendum
577 3554 680 3610 additis
702 3555 788 3619 notis,
811 3559 841 3607 nt
859 3554 979 3619 violetur,
1001 3554 1169 3623 0001000010
1189 3553 1217 3605 P

157 3642 171 3688 7
191 3654 262 3692 neve
281 3639 382 3694 fundus
400 3640 498 3697 villam
517 3658 566 3697 one.
590 3641 691 3710 VAR,
715 3644 825 3698 addidit
843 3643 1000 3698 10000000.-
1021 3644 1056 3710 cf.
1077 3642 1179 3698 Uolum.
1199 3643 1220 3695 I
1235 3649 1265 3710 4,
1284 3649 1303 3698 8

156 3723 230 3778 Ptin.
251 3730 352 3792 11032
1062 3766 1064 3772 ‹

229 3820 243 3868 7
263 3814 296 3868 R.
315 3815 341 3869 V
364 3816 470 3872 Villam
487 3821 622 3875 rusticam
641 3820 684 3874 uti
703 3821 880 3876 aedificatam
898 3822 1003 3876 habeat
1021 3820 1174 3888 APVc'ct.‚
1197 3820 1314 3875 Villam.

155 3902 289 3958 rusticam
308 3906 341 3959 00
359 3905 517 3961 edificatam
535 3909 640 3964 habeas
660 3912 688 3978 b,
712 3926 763 3964 orn.
782 3928 798 3964 0
871 3917 886 3964 9
906 3910 1002 3965 100000
1016 3911 1063 3964 Ρο
1082 3910 1178 3965 iubeat
1196 3911 1244 3963 Ac
1262 3909 1303 3962 iu-

154 3991 241 4046 beant
254 3995 288 4060 00
362 4002 394 4048 12
415 3999 595 4066 corumpatur
613 3998 664 4064 Af
732 4000 800 4067 quot
819 3999 898 4053 annis
923 3999 987 4052 Vbc
1006 3999 1080 4066 quod
1099 3999 1178 4053 annis
1196 3998 1247 4064 Af

155 4081 250 4136 uenire
275 4083 351 4138 VAc
377 4084 487 4139 euenire
507 4087 523 4139 b
542 4086 636 4140 uenire
655 4092 680 4141 ct
697 4089 729 4141 e'n
746 4103 832 4156 nanrq.
852 4104 867 4141 0
885 4086 903 4152 f
990 4092 1022 4140 13
1043 4088 1144 4157 oleam]
1165 4087 1255 4141 oleum
1276 4088 1303 4140 A

229 4177 262 4224 14
280 4171 368 4226 nichil
386 4174 414 4227 A
488 4180 521 4228 15
541 4175 563 4230 01
582 4175 611 4228 10
630 4177 705 4229 terra
724 4206 757 4215 —
776 4177 826 4230 fiet
843 4177 874 4230 tn
893 4193 978 4246 mnrp.
999 4177 1026 4229 A
1097 4178 1224 4245 pubescet
1245 4176 1304 4229 PA

157 4261 299 4329 putrescet
317 4262 364 4316 Rc
445 4264 564 4319 fetidum
587 4264 636 4320 Ab
660 4265 794 4320 foetidum
824 4266 866 4320 Vc
945 4272 977 4321 16
1002 4269 1030 4320 00
1054 4268 1152 4335 quauie
1176 4282 1244 4322 corr.
1271 4283 1305 4319 ex

157 4348 254 4416 queuis
273 4351 301 4403 A
320 4352 349 4405 et
368 4351 467 4419 quauis
488 4353 555 4407 Ρο0
574 4370 589 4407 0
609 4353 707 4422 queuis
726 4354 792 4420 sne
812 4373 866 4422 qua
885 4355 928 4409 uis
947 4374 962 4411 o
1028 4362 1060 4409 19
1075 4355 1185 4424 inpares
1205 4356 1233 4408 A
1251 4353 1305 4408 im-

155 4453 235 4504 pares
260 4438 311 4492 VR
384 4441 500 4496 contriti
519 4442 592 4496 01000
616 4441 671 4496 VR
690 4443 809 4497 contriti¹
823 4443 879 4499 sint
897 4445 923 4497 A
997 4446 1139 4497 cdmutare
1157 4444 1208 4498 VA
