2994 5018
446 355 495 411 DE
514 357 603 413 AGRI
622 359 791 414 CVLTVRA
810 356 839 414 Ο.
861 358 987 417 14-17
1244 355 1286 420 29

146 544 210 604 gam
226 540 255 584 P.
270 541 343 605 xlv,
367 535 397 586 et
421 529 466 587 uti
489 526 619 588 sublinat
638 527 729 587 locari
752 533 877 623 opplet.
915 527 1044 603 parietes
1063 522 1147 582 villae
1167 525 1192 582 si
1211 521 1288 582 locet

144 635 176 691 in
194 648 224 692 P.
244 647 277 712 c,
300 634 330 693 id
350 642 395 693 est
410 649 438 694 Ρ.
452 649 475 694 x
494 653 614 714 quoquo
638 653 766 713 versum,
789 632 897 693 libellis
920 634 950 692 in
975 631 1040 710 ped.
1055 645 1077 689 v
1097 641 1126 690 et
1144 632 1288 707 perticam

145 754 157 797 1
176 753 205 798 P.
225 751 292 799 V1c.
311 754 343 798 N.
363 755 394 799 x.
436 741 672 819 sesquipedalem
700 743 842 818 parietem
870 740 1007 799 dominus
1032 738 1220 797 fundamenta
1249 737 1287 795 f-

146 847 204 904 ciat
228 853 257 904 et
280 845 315 905 ad
336 863 411 922 opus
436 845 577 922 praebeat
606 847 695 907 calcis
720 849 750 906 in
765 863 793 906 P.
814 847 945 920 singulos
965 844 1179 924 longitudinem
1200 842 1289 922 [opus

118 951 206 1028 nest]
230 951 362 1011 modium
385 953 643 1033 unum,·barcnae
666 953 780 1013 modios
804 925 897 1013 duos:

234 1058 351 1118 Calcem
375 1062 516 1137 partiario
540 1061 724 1140 coquendam
748 1062 799 1138 qui
818 1061 902 1139 dant,
925 1061 965 1118 ita
989 1059 1085 1132 datur.
1121 1045 1239 1136 perficit
1260 1065 1290 1116 et
1308 1061 1368 1118 XVI

146 1168 248 1244 coquit
272 1174 301 1225 et
324 1184 360 1225 ex
384 1168 503 1226 fornace
527 1166 637 1227 calcem
661 1170 762 1227 eximit
786 1167 929 1226 calcarius
953 1174 983 1226 et
1005 1165 1084 1244 ligna
1108 1165 1227 1223 conficit
1253 1163 1289 1222 ad

147 1275 304 1333 fornacem.
347 1272 484 1332 dominus
507 1272 647 1351 lapidem,
671 1271 748 1350 ligna
772 1273 807 1332 ad
831 1272 994 1351 fornacem,
1019 1272 1097 1352 quod
1126 1291 1201 1350 opus
1225 1272 1289 1349 siet,

147 1379 278 1456 praebet.
1039 1373 1042 1379 ¹

106 1499 132 1536 10
236 1486 337 1546 Robus
361 1488 507 1568 materies,
531 1489 601 1547 item
626 1489 727 1567 ridica,
751 1487 804 1547 ubi
818 1487 977 1547 solstitium
995 1487 1084 1545 fuerit
1098 1485 1134 1544 ad
1154 1468 1288 1545 brumam
1307 1489 1380 1546 XVll

148 1610 265 1671 semper
288 1596 461 1670 tempestiva
492 1601 546 1652 est.
584 1602 681 1653 cetera
705 1597 844 1654 materies
868 1613 943 1674 quae
967 1613 1067 1653 semen
1091 1592 1194 1674 habet,
1222 1612 1290 1652 cum

152 1718 252 1759 semen
281 1707 430 1759 maturum
453 1699 556 1781 habet,
580 1708 643 1760 tum
657 1704 832 1779 tempestiva
846 1711 900 1761 est.
937 1719 1012 1780 quae
1032 1702 1170 1759 materies
1190 1718 1290 1759 semen

148 1805 319 1886 nonhabet,
338 1825 405 1865 cum
420 1807 561 1889 glubebit,
581 1816 644 1867 tum
663 1811 837 1887 tempestiva
852 1816 906 1868 est.
943 1827 977 1867 ea
992 1825 1066 1887 quac
1082 1826 1183 1866 semen
1198 1807 1291 1866 viride

148 1919 178 1971 et
201 1919 350 1973 maturum
373 1914 463 1974 habet
490 1909 535 1996 (id
559 1933 659 1974 semen
684 1915 720 1974 de
744 1933 900 1996 cupresso,
929 1916 965 1974 de
989 1917 1059 1992 pino
1083 1915 1200 1993 quidvis
1223 1915 1293 1972 anrri

109 2024 135 2064 1⁵
151 2018 248 2095 legere
272 2016 382 2102 possis)
403 2017 474 2080 item
494 2021 610 2099 quidvis
625 2023 824 2088 annimatura
843 2030 889 2081 est
912 2030 941 2080 et
964 2023 1146 2097 tempestiva.
1184 2019 1293 2078 ibidem
1314 2029 1331 2083 2

150 2136 219 2185 sunt
243 2146 335 2186 nuces
359 2127 464 2205 bimae,
489 2127 556 2187 inde
580 2146 680 2186 semen
705 2128 831 2206 excidet,
855 2136 885 2198 et
904 2127 1065 2204 arrnirnlae,
1089 2144 1140 2184 eae
1160 2125 1212 2184 ubi
1234 2127 1293 2201 pri·
1464 2144 1481 2185 l

149 2235 402 2367 Qut
420 2232 567 2312 hiascere,
590 2242 653 2292 tum
674 2232 730 2310 legi
750 2252 807 2309 opo
827 2240 882 2292 tet:
907 2241 960 2309 per
984 2233 1140 2290 sementim
1164 2233 1293 2308 primum

224 2428 255 2475 11
275 2422 369 2475 cetera
387 2422 517 2475 materies
536 2438 557 2476 c.
577 2426 611 2475 31

150 2619 176 2668 p.
197 2600 225 2668 V
246 2615 369 2652 crassam
395 2616 421 2665 p.
447 2598 459 2647 l
489 2615 509 2650 s.
534 2595 619 2664 longa
636 2615 664 2665 p.
681 2597 746 2650 XIV
768 2598 795 2649 P
813 2599 842 2650 et
860 2597 987 2650 columen
1006 2615 1033 2664 p.
1053 2595 1065 2646 I
1085 2613 1205 2650 crassam
1223 2616 1250 2666 p.
1271 2596 1295 2649 is

151 2689 236 2756 longa
259 2707 286 2756 p.
301 2687 378 2740 XXV
402 2689 483 2754 (corr.
502 2685 577 2753 XIV)
597 2687 612 2738 b
637 2687 663 2738 et
683 2684 811 2740 columen
834 2705 861 2755 p.
880 2687 961 2739 unius
980 2703 1100 2740 crassam
1123 2704 1150 2755 p.
1169 2685 1192 2740 is
1211 2686 1297 2753 longa

150 2796 177 2846 p.
196 2777 261 2830 XIV
284 2793 299 2830 c
321 2777 350 2829 et
373 2775 485 2828 culmen
509 2775 581 2843 pede
604 2791 658 2828 uno
679 2792 801 2829 crassam
825 2775 938 2844 longam
961 2774 1078 2843 pedibus
1102 2773 1296 2841 quindecimo

151 2868 180 2918 et
199 2865 327 2919 columen
345 2883 372 2934 p.
391 2864 403 2915 l
422 2880 558 2931 crassam,
577 2882 604 2932 p.
624 2864 657 2916 IS
676 2857 789 2933 longam
808 2882 836 2932 p.
857 2862 922 2916 XIV
944 2864 1013 2917 Vter.

221 2953 368 3008 tlibellus
386 2955 414 3007 A
505 2960 520 3006 3
544 2971 571 3023 p.
591 2953 643 3006 vic.
667 2972 693 3007 n.
712 2954 747 3006 X.
767 2956 813 3023 (nx
832 2955 859 3022 b)
879 2952 1100 3022 sesquipedalem
1120 2953 1167 3004 Pb
1195 2969 1222 3018 p.
1242 2950 1295 3004 uic.

150 3042 205 3094 nix.
226 3027 451 3109 eoiquipedalem
466 3043 525 3111 Ap
541 3040 776 3111 Sexquipedalem
789 3045 880 3112 spatio
895 3058 1051 3112 paucarum
1070 3043 1223 3094 lftterorum
1234 3046 1298 3107 post

151 3149 169 3198 p
189 3131 281 3183 relecto
301 3147 327 3196 c,
346 3131 431 3199 pedes
451 3134 563 3184 centum
581 3149 625 3184 me
645 3131 668 3183 si
688 3132 946 3200 sesquipedaleme
1018 3130 1165 3198 patrietem
1184 3130 1211 3181 A

153 3223 169 3269 5
188 3218 308 3270 harenae
326 3218 354 3270 R
373 3236 482 3275 arenae.
497 3220 553 3272 VA

80 3291 83 3298 ’
224 3305 291 3359 aa.
310 3305 415 3359 xvim
439 3307 550 3361 caraem
573 3309 708 3376 partiario
735 3309 882 3378 (paroiario
900 3309 938 3377 A)
958 3309 1104 3361 locandam
1124 3309 1200 3360 Aru
1230 3307 1298 3360 calx

152 3412 207 3462 quo
226 3397 345 3463 pactoc
427 3397 561 3463 pastiario
581 3399 775 3466 quoquendam
795 3397 822 3450 A
899 3397 940 3450 ita
958 3397 1043 3450 datin.
1061 3397 1151 3449 PAR
1169 3397 1211 3448 ita
1229 3397 1298 3448 dant

152 3484 213 3536 Αὐ
292 3484 443 3551 tquoquit
461 3485 488 3536 A
563 3485 662 3555 lingna
675 3489 770 3554 priore
789 3487 846 3539 loco
865 3487 892 3538 A
971 3485 1082 3538 conficit
1101 3483 1137 3538 ad
1156 3475 1297 3537 fornacem

146 3571 200 3626 ..Pe
218 3573 329 3625 conficit
347 3572 383 3625 ad
402 3572 542 3628 fornacem
560 3577 633 3628 Aba

226 3667 258 3711 10
277 3663 309 3714 R.
328 3661 379 3713 XX
398 3661 530 3715 Materiae
551 3664 617 3732 quid
637 3664 701 3717 anui
715 3664 886 3733 tempestiua
900 3664 943 3717 est
958 3664 985 3715 A
1004 3663 1135 3716 Materies
1150 3663 1215 3731 quid
1232 3662 1298 3715 anni

153 3748 322 3815 tempestiua
341 3749 378 3803 sit
398 3752 444 3806 Pb
470 3752 600 3806 Materies
619 3752 667 3819 qui
684 3755 811 3820 ternpore
830 3751 895 3804 anni
913 3749 1083 3819 tempestiua
1102 3750 1172 3802 site
1245 3751 1298 3803 sol-

155 3836 263 3889 stItium
278 3839 327 3891 Ac
346 3839 499 3893 solsticium
516 3841 560 3894 Vb
636 3848 667 3894 11
684 3857 763 3907 seper
778 3841 804 3892 A
878 3846 911 3892 12
926 3855 1020 3893 semen
1032 3842 1172 3893 maturum
1187 3839 1299 3902 RVr'ct,

154 3943 247 3979 semen
266 3928 437 3980 maturarum
456 3945 525 3983 corr.
546 3946 639 3983 semen
659 3931 770 3982 matura
788 3930 815 3981 A
834 3931 973 3983 maturum
992 3945 1086 3982 semen
1111 3929 1137 3981 V
1214 3934 1246 3979 13
1266 3943 1299 3981 ea

155 4032 225 4083 quae
240 4015 395 4082 Iucundum,
415 4033 447 4070 eo
463 4017 528 4085 quia
547 4019 635 4072 VAR
708 4025 742 4072 14
757 4035 917 4087 cupressea
937 4019 1057 4088 cipresso
1074 4018 1152 4071 PAe
1170 4034 1299 4087 cypresse

155 4104 171 4155 b
243 4104 354 4172 quiduis
379 4105 445 4158 anni
465 4108 559 4174 priore
582 4109 637 4161 loco
657 4107 684 4160 n
710 4107 814 4174 quisuis
837 4107 904 4161 anni
928 4108 997 4176 VA,
1020 4109 1069 4162 ubi
1087 4101 1110 4165 3.
1135 4107 1245 4173 quiduis
1268 4108 1300 4159 fa

154 4195 278 4262 maopt'ue
296 4195 444 4263 adscripsit
464 4196 498 4263 P,
521 4195 632 4261 quiduis
656 4196 721 4248 anni
736 4198 885 4263 pertertare
901 4197 965 4250 toco
986 4196 1065 4250 VAR
1156 4202 1188 4249 16
1207 4195 1299 4249 bimae

155 4280 312 4350 Iucundos
336 4284 418 4337 binae
439 4284 532 4337 PAR
555 4284 620 4337 hinc
644 4285 669 4336 V
757 4301 851 4339 semen
871 4291 929 4339 seffr
953 4286 1062 4339 excidet
1080 4287 1107 4338 A
1199 4292 1230 4339 17
1250 4302 1300 4355 per

157 4373 303 4426 sementim
321 4373 445 4442 primum
463 4373 602 4442 incipiunt
620 4373 682 4427 AR
694 4374 778 4440 Vrec,
800 4392 850 4444 per
869 4374 1015 4428 sementim
1033 4373 1172 4443 incipiunt
1192 4375 1219 4427 P
1238 4377 1299 4430 tum

157 4458 278 4527 primum
296 4480 346 4531 per
366 4481 460 4517 semen
478 4462 649 4531 incipiente
788 4459 790 4463 ⁷
