2994 5018
464 362 513 416 DE
533 362 621 416 AGRI
640 359 811 417 CVLTVRA
830 363 858 419 C.
879 363 965 425 5-6
1249 363 1290 426 19

147 531 246 590 dicent
269 547 348 610 esse,
372 548 436 589 eam
459 534 585 590 maxime
609 533 709 590 serito.
747 531 802 590 hoc
826 549 920 609 genus
944 530 1024 591 oleae
1043 533 1073 590 in
1093 545 1163 591 xxv
1186 539 1236 591 aut
1259 534 1290 591 in

137 594 339 715 mdes.
355 639 512 696 conserite.
549 655 619 715 ager
638 637 715 697 oleto
739 638 940 718 conserando,
964 640 1015 716 qui
1038 639 1069 696 in
1092 644 1214 697 ventum
1250 638 1328 698 la-2

146 746 266 803 vonium
291 744 437 822 spectabit
461 752 490 803 et
509 743 564 803 soli
577 751 714 803 ostentus
729 747 799 823 erit,
823 743 897 803 alius
912 743 1008 804 bouus
1023 743 1122 803 nullus
1137 746 1202 804 erit.
1240 746 1291 822 qui

147 867 217 926 ager
236 849 370 926 frigidior
390 857 419 908 et
438 851 565 909 macrior
580 851 648 929 erit,
672 848 714 908 ibi
733 848 825 908 oleam
844 848 1013 909 licinianam
1028 852 1088 909 seri
1102 857 1228 953 oppgmt.
1265 853 1291 908 si

120 958 176 1015 ain
201 956 265 1016 loco
290 975 390 1016 crasso
414 964 464 1016 aut
488 955 571 1016 caldo
595 958 719 1036 severia,
748 955 852 1015 bosius
880 974 1008 1034 nequam
1031 959 1088 1015 erit
1111 963 1141 1016 et
1165 956 1290 1016 serundo

147 1062 235 1122 arbor
258 1063 368 1142 peribit
391 1070 420 1122 ct
443 1081 564 1123 muscus
587 1062 680 1122 ruber
702 1062 845 1123 molestus
869 1065 934 1122 erit.
976 1065 1089 1123 circum
1113 1081 1238 1123 coronas
1261 1069 1291 1122 et
1311 1069 1329 1123 3

147 1171 260 1229 circum
284 1164 346 1230 vias
369 1170 465 1229 ulmos
489 1172 579 1229 serito
604 1176 640 1228 et·
656 1172 766 1247 parlim
789 1168 927 1249 populos,
955 1172 999 1229 uti
1027 1170 1161 1230 lrondem
1186 1169 1290 1230 ovibus

147 1284 177 1335 et
195 1276 294 1336 bubus
312 1277 435 1358 habeas,
459 1285 489 1337 et
509 1279 659 1357 materies,
684 1279 769 1355 siquo
789 1294 863 1354 opus
889 1279 940 1356 sit,
964 1284 1065 1354 parata
1091 1268 1156 1336 erit.
1194 1276 1290 1336 sicubi

146 1384 177 1441 in
202 1384 238 1441 iis
263 1382 334 1442 locis
358 1386 439 1463 ripae
458 1392 509 1443 aut
527 1383 611 1443 locus
630 1391 766 1443 umectus
786 1383 856 1461 erit,
880 1381 922 1441 ibi
941 1384 1093 1441 cacumina
1112 1383 1290 1460 populorum

107 1505 132 1543 1o
148 1491 239 1547 serito
263 1497 293 1549 et
315 1488 554 1550 harundinetum.
591 1490 620 1550 id
645 1490 701 1549 hoc
716 1489 803 1549 modo
823 1491 926 1548 serito:
946 1492 1036 1565 prius
1050 1487 1158 1566 bipalio
1172 1492 1290 1569 vomito,

52 1609 55 1618 ·
147 1594 189 1653 ibi
212 1595 313 1655 oculos
340 1597 516 1657 harundinis
535 1597 625 1676 pedes
644 1606 746 1657 ternos
761 1597 849 1656 alium
869 1596 905 1655 ab
921 1595 977 1655 alio
992 1597 1092 1655 serito.
1129 1595 1171 1655 ibi
1190 1615 1291 1656 corru-

147 1701 214 1760 dam
237 1705 341 1785 serito,
365 1706 443 1765 unde
463 1707 597 1782 asparagi
616 1706 695 1764 liant.
732 1723 799 1763 nam
817 1705 954 1764 convenit
972 1702 1204 1762 harundinetum
1224 1722 1290 1762 cum
1311 1707 1331 1762 4

146 1809 287 1890 corruda,
320 1829 355 1869 eo
383 1813 451 1888 quia
480 1810 592 1869 foditur
620 1817 649 1869 et
677 1811 848 1869 incenditur
876 1817 906 1869 et
934 1808 1069 1868 umbram
1097 1827 1151 1886 per
1175 1817 1292 1887 tempus
1397 1848 1486 1869 ..s

146 1914 242 1975 habet.
280 1916 399 1976 salicem
415 1936 550 1994 graecam
575 1919 689 1977 circum
712 1916 943 1976 harundinetum
968 1917 1073 1996 serito,
1096 1918 1141 1974 uti
1165 1917 1222 1975 siet
1241 1918 1292 1994 qui

107 2048 132 2086 15
147 2025 261 2083 vineam
284 2023 394 2102 alliges

234 2129 355 2189 Vineam
375 2149 434 2209 quo
454 2133 483 2189 iu
504 2148 573 2208 agro
589 2131 851 2245 musellweb
872 2130 915 2187 sic
934 2126 1098 2188 observato.
1141 2131 1191 2206 qui
1209 2128 1292 2189 locus

146 2238 213 2296 vino
237 2239 367 2314 optimus
391 2237 508 2297 dietur
532 2254 597 2294 esse
617 2243 646 2293 et
666 2242 801 2294 ostentus
821 2234 890 2313 soli,
914 2236 1076 2292 aminnium
1092 2235 1291 2295 minusculum
1375 2262 1392 2305 ς,
1455 2250 1484 2285 n

219 2503 232 2549 1
251 2497 305 2550 hoc
324 2515 410 2565 genus
429 2499 509 2551 oleae
531 2498 607 2551 Pliu.
624 2500 667 2562 17,
682 2500 718 2549 93
804 2501 819 2548 2
840 2510 907 2563 ager
926 2495 1001 2548 oleto
1021 2496 1192 2549 conserando
1214 2495 1291 2549 Ptin.

147 2591 192 2650 18,
211 2589 266 2640 337
330 2592 346 2639 6
365 2603 474 2640 muscus
492 2587 575 2640 ruber
594 2587 668 2640 Puu.
690 2590 734 2651 17,
752 2588 808 2639 223
884 2589 900 2636 8
919 2581 1009 2636 sicubi
1027 2583 1056 2634 in
1074 2583 1109 2635 iis
1128 2582 1197 2635 locis
1216 2582 1291 2635 Plin.

147 2679 196 2738 16,
215 2679 281 2746 173n
298 2680 346 2741 19,
367 2679 420 2728 145
511 2681 544 2728 10
563 2674 592 2727 id
610 2675 664 2728 hoc
683 2674 766 2728 modo
786 2674 870 2726 serito
890 2690 911 2725 c.
927 2675 962 2725 47
1054 2677 1086 2723 16
1107 2669 1218 2724 vineam
1237 2688 1292 2739 quo

145 2762 174 2813 in
194 2779 261 2829 agro
280 2763 356 2816 Pun.
378 2769 421 2829 14,
439 2769 476 2816 46

218 3001 230 3046 1
252 2993 282 3047 in
300 2994 446 3063 XXVlaul
464 2994 492 3047 in
511 2992 587 3045 XXX
607 2993 669 3046 AR
680 2992 762 3059 Vin,
787 2994 815 3046 in
834 2993 911 3048 XXV
931 2998 980 3048 aut
999 2993 1076 3046 XXX
1097 2995 1124 3046 P
1140 2995 1170 3047 in
1189 2991 1292 3062 uiginti

147 3083 269 3150 quinque
289 3085 337 3137 aut
355 3084 472 3152 triginta
490 3101 506 3137 o
579 3089 594 3136 2
615 3100 712 3151 agrum
728 3081 834 3136 oliveto
848 3082 1031 3149 conserendo,
1050 3082 1104 3134 nisi
1120 3081 1212 3149 quiin
1225 3098 1291 3136 ven·

147 3173 207 3222 tum
226 3171 367 3225 favonium
387 3174 495 3240 spectet
513 3176 542 3225 et
562 3173 687 3225 ostentus
707 3171 759 3223 soli
782 3171 832 3239 sit,
861 3171 947 3224 alium
970 3170 1075 3224 bonum
1098 3170 1213 3222 nullum.
1231 3186 1291 3223 esse

152 3259 241 3312 Varro
313 3265 330 3310 4
354 3259 377 3311 si
400 3260 429 3311 iu
453 3260 514 3312 loco
535 3277 626 3312 crasso
650 3260 699 3312 aut
718 3258 809 3322 calido
829 3258 953 3325 posueris
978 3257 1066 3312 Varro
1139 3259 1162 3311 si
1181 3260 1210 3311 in
1229 3260 1291 3312 loco

145 3349 192 3399 Ac
211 3348 254 3400 sin
272 3347 302 3399 in
320 3348 382 3400 loco
407 3347 474 3413 Vos
550 3343 675 3402 ocalido
701 3347 789 3400 VAR
861 3345 1027 3401 8materies
1053 3346 1150 3411 Varro,
1174 3346 1293 3400 materia

151 3473 239 3525 Vua
347 3470 426 3538 siquo
445 3471 514 3524 Poe
532 3471 611 3540 siqua
628 3473 646 3538 s
666 3448 747 3539 aad
770 3469 798 3523 A
816 3472 840 3525 si
859 3486 930 3540 quae
954 3470 1038 3536 Vua,
1058 3470 1149 3539 siquid
1167 3488 1184 3524 u

146 3577 214 3628 opus
228 3561 264 3614 sit
277 3562 376 3630 paratu
390 3559 445 3615 erii
459 3561 547 3614 PAR
562 3578 630 3630 opus
646 3561 700 3614 erit
712 3563 814 3630 parata,
827 3560 863 3613 ait
876 3577 893 3612 o
943 3567 958 3613 9
973 3560 1002 3611 in
1016 3559 1051 3612 iis
1068 3561 1125 3613 PA
1141 3561 1169 3612 in
1183 3560 1228 3613 his
1242 3559 1291 3613 Ro

231 3654 263 3700 10
286 3648 503 3703 harundinetum
528 3649 586 3701 PR
609 3649 804 3703 arundinetum
824 3650 872 3701 An
957 3648 1034 3716 prins
1057 3664 1106 3703 oen.
1137 3648 1237 3702 VAR:
1261 3648 1292 3702 id

145 3735 221 3804 prius
240 3736 346 3805 bipalio
367 3737 438 3792 verti
458 3739 555 3803 Varro,
573 3737 681 3806 bipalio
701 3737 816 3791 subacto
835 3736 911 3805 prius
931 3736 991 3790 solo
1012 3735 1126 3790 Plinius
1147 3737 1229 3789 XVI
1238 3743 1292 3791 173

218 3825 324 3894 bipalio
344 3829 447 3880 uortiio
473 3827 528 3878 VR
546 3826 634 3894 pallio
653 3826 760 3879 uortitu
778 3828 819 3892 A,
842 3827 874 3878 in
897 3841 949 3892 qno
967 3824 1055 3893 pollio
1074 3856 1107 3863 —
1128 3824 1183 3877 alio
1207 3825 1290 3878 serito

145 3916 177 3967 in
194 3916 318 3983 enurpine
336 3916 440 3982 scriptu
458 3920 522 3967 secut
597 3920 627 3967 11
647 3913 808 3968 harundinis
823 3913 850 3965 R
869 3912 1011 3966 arundinis
1031 3913 1086 3965 VA
1161 3918 1192 3964 12
1212 3928 1291 3979 aspa-

145 4001 240 4070 ragio
268 4003 381 4072 aspergi
402 4003 492 4056 PAR
599 4003 814 4057 harundinetum
835 4002 926 4055 PAR
953 4001 1184 4055 arundinetumo

147 4098 180 4145 14
199 4091 303 4145 circum
322 4092 537 4145 harundinetum
553 4091 612 4144 PR
626 4092 729 4145 circum
744 4091 908 4145 arundineto
923 4092 950 4144 A
970 4091 1072 4145 circum
1094 4089 1291 4143 arundinetum

145 4198 161 4234 o
242 4180 290 4250 qui
309 4184 388 4250 (corr.
409 4197 464 4249 quo
484 4179 535 4248 Ai)
554 4181 666 4234 niueam
685 4180 773 4248 eliges
792 4180 819 4232 A
893 4187 925 4234 16
945 4180 996 4249 sic]
1018 4180 1041 4232 si
1060 4179 1087 4232 A
1106 4195 1174 4232 corr.
1193 4179 1232 4232 sic
1251 4178 1292 4231 Α2

236 4277 268 4323 17
292 4270 344 4325 soli
363 4269 516 4324 aminnium
538 4269 596 4322 PR
621 4269 672 4323 soli
692 4269 826 4323 amininm
846 4271 871 4322 A
896 4269 949 4322 soli
972 4269 1020 4321 ubi
1040 4267 1179 4321 amineum
1197 4285 1214 4320 u
1238 4267 1291 4322 soli

145 4358 185 4412 ibi
208 4361 348 4415 amineum
372 4361 531 4427 Iucundos,
561 4360 613 4413 soli
636 4358 794 4411 aminneum
822 4358 924 4424 Varro,
952 4357 1057 4411 solibus
1086 4355 1225 4410 amineum
1249 4373 1290 4409 co-

145 4450 217 4503 dices
237 4450 328 4503 Plinii
347 4448 425 4502 XIV
439 4454 476 4504 46

1039 4534 1078 4587 2*
