2994 5018
495 357 543 413 Du
563 356 649 412 AGRI
669 355 841 411 CVLTVRA
860 355 890 410 O.
914 357 973 414 157
1080 413 1085 421 ,
1244 353 1305 418 101

161 543 270 604 resque
293 525 433 604 purgabit
457 543 603 605 sanosque
622 525 723 605 faciet,
747 523 825 602 quod
847 525 935 584 aliud
946 521 1195 582 medicamentum
1210 521 1308 582 facere

161 650 221 692 uon
254 640 361 710 potest.
403 652 507 693 verum
533 634 618 711 prins
647 649 735 710 quam
763 630 793 690 id
821 633 959 710 inponas,
990 647 1066 707 aqua
1094 627 1188 688 calida
1215 627 1309 688 multa

161 737 270 798 lavato:
293 746 396 816 postea
419 740 466 800 bis
489 743 520 800 in
545 740 592 799 dic
616 739 774 799 contritam
798 739 940 815 imponito.
983 754 1017 794 ea
1037 753 1155 795 omnem
1169 742 1308 814 putorem

161 845 280 905 adimet.
323 865 430 907 cancer
462 855 539 922 ater,
572 849 598 906 is
628 845 687 906 olet
719 852 749 905 et
778 845 889 904 saniem
919 861 1057 921 spurcam
1086 845 1190 919 mittit;
1223 841 1307 902 albus

133 950 340 1030 opurulentus
364 961 422 1032 cst,
446 955 498 1016 scd
523 954 675 1014 fistulosus
699 961 729 1013 et
753 951 858 1012 subtus
883 956 1028 1028 suppurat
1057 949 1112 1010 sub
1137 969 1234 1011 carne.
1276 953 1307 1010 in
1327 948 1347 1006 4

160 1077 193 1119 ca
218 1058 339 1120 vulnera
362 1060 487 1120 huiusce
518 1060 596 1120 modi
625 1066 703 1119 teras
731 1058 905 1136 brassicam,
935 1074 1039 1116 sanum
1067 1056 1169 1116 saciet:
1198 1058 1309 1134 optima

160 1173 205 1225 est
228 1165 264 1226 ad
288 1165 413 1226 huiusce
437 1166 517 1226 modi
542 1165 671 1225 vulnus·
699 1172 728 1225 et
751 1164 885 1224 luxatum
905 1162 1010 1241 siquod
1026 1170 1084 1242 est,
1108 1161 1154 1221 bis
1169 1162 1216 1222 die
1232 1181 1308 1242 aqua

160 1270 252 1332 calida
276 1273 386 1351 foveto,
416 1271 578 1332 brassicam
601 1273 702 1331 tritam
726 1272 880 1350 opponite,
912 1271 970 1329 cito
995 1286 1099 1328 sanum
1129 1269 1229 1328 iacict:
1261 1269 1307 1330 bis

159 1379 207 1440 die
231 1378 288 1456 [id]
314 1380 469 1458 opponite,
494 1377 611 1438 dolores
635 1379 758 1438 auferet.
800 1385 830 1438 et
845 1377 944 1456 siquid
959 1384 1117 1436 contusum
1132 1385 1186 1456 est,
1210 1394 1307 1436 crum-

118 1512 144 1552 ιο
159 1493 223 1565 pet,
248 1485 411 1545 brassicam
434 1486 535 1545 tritam
559 1487 714 1565 opponito‚
738 1503 843 1544 sanum
867 1485 963 1544 faciet.
1001 1488 1031 1542 ct
1055 1482 1151 1560 siquid
1172 1483 1202 1541 in
1219 1501 1320 1544 mam.
1373 1510 1382 1527 ν

160 1594 216 1652 mis
240 1591 350 1652 ulceris
366 1599 468 1652 natum
483 1597 513 1651 ct
527 1593 707 1672 carcinoma,
731 1590 893 1651 brassicam
907 1592 1008 1650 tritam
1023 1591 1178 1670 opponite,
1202 1609 1305 1651 sanum

160 1699 255 1759 faciet.
297 1701 376 1758 etsi
408 1698 493 1758 ulcus
522 1699 711 1757 acrimoniam
740 1699 805 1757 eius
833 1697 912 1756 ierrc
940 1714 1000 1756 non
1028 1697 1151 1776 poterit,
1185 1691 1346 1757 farinam5

144 1804 354 1869 hordeaceam
384 1809 522 1886 misceto,
553 1807 593 1866 ita
622 1807 771 1883 opponite.
813 1804 938 1864 huiusce
970 1802 1180 1863 modi‘ulcera
1211 1807 1308 1864 omnia

158 1912 231 1973 haec
265 1933 336 1974 sana
369 1914 470 1994 faciet,
504 1912 581 1992 quod
611 1912 689 1971 aliud
717 1890 966 1972 medicamentum
996 1911 1093 1971 iacere
1122 1928 1181 1969 non
1209 1909 1308 1988 p'otest

120 2037 259 2098 1sneque
283 2038 421 2099 purgare.
464 2030 494 2081 ct
516 2038 610 2098 puero
639 2028 669 2079 ct
692 2018 807 2098 puellae
832 2021 857 2078 si
881 2017 966 2078 ulcus
990 2020 1047 2078 erit
1069 2016 1194 2077 huiusce
1219 2017 1306 2097 modi,

159 2125 283 2185 farinam
310 2125 507 2188 hordeaceam
535 2128 642 2187 addito.
686 2134 715 2186 et
745 2129 770 2186 si
797 2125 878 2185 voles
908 2144 972 2185 earu
1000 2134 1169 2185 consectam
1196 2124 1306 2185 lautam

160 2233 268 2292 siccam
292 2232 351 2292 sate
376 2241 459 2295 aceto
484 2253 616 2314 sparsam
640 2252 719 2314 csse,
743 2231 891 2293 salubrius
906 2230 977 2290 nihil
992 2238 1046 2292 cst.
1089 2250 1148 2310 quo
1162 2230 1303 2292 libentius
1324 2222 1342 2279 6

76 2390 81 2397 .
159 2338 236 2420 edis,
264 2347 346 2400 aceto
371 2341 467 2401 mulso
491 2344 635 2419 spargite:
664 2340 773 2401 lautam
802 2341 910 2399 siccam
938 2346 968 2398 ct
991 2346 1089 2398 rutam
1115 2338 1305 2399 coriandrum

158 2453 270 2506 scetem
293 2445 352 2507 sale
377 2465 510 2526 sparsam
532 2446 620 2526 paulo
644 2447 785 2507 libentius
809 2445 887 2505 edes.
929 2444 957 2504 id
982 2443 1058 2504 bene
1082 2445 1169 2504 faciet
1188 2455 1219 2504 et
1236 2445 1305 2506 mali

117 2553 229 2613 eonihil
259 2555 337 2614 sinet
368 2556 397 2614 in
426 2573 552 2633 corpore
576 2556 739 2615 consistere
764 2560 794 2613 et
817 2550 914 2611 alvum
937 2550 1044 2611 bonam
1068 2551 1163 2612 faciet.
1207 2552 1303 2631 siquid

155 2834 228 2887 casis
248 2833 384 2898 Patricia,
412 2837 437 2886 et
458 2832 628 2886 Putrcscere:
657 2832 689 2884 ia
708 2831 831 2900 antiquis
849 2831 941 2896 libris,
967 2829 1088 2896 Pacida,
1111 2835 1137 2882 et
1155 2829 1303 2897 Puteaccre,

155 2922 289 2990 scriptam
307 2921 419 2976 inaeni’
444 2919 582 2975 Victorias
691 2935 873 2987 canceresque
893 2918 982 2972 PAR
1001 2935 1171 2987 canorosque
1190 2935 1206 2972 o

74 3023 77 3030 ·
157 3015 171 3061 1
197 3009 273 3077 quod
297 3009 534 3064 medicamentum
556 3008 766 3079 (medieamtum
785 3009 823 3075 A)
851 3007 943 3062 facere
964 3006 1056 3060 PAR
1084 3008 1159 3076 quod
1183 3007 1303 3063 medica·

156 3099 282 3150 mentum
302 3097 377 3151 aliud
396 3097 522 3151 faceres
595 3103 611 3150 2
631 3096 760 3166 imponas
785 3097 873 3151 VAR
946 3103 961 3149 3
980 3096 1118 3166 imponito
1142 3096 1188 3163 Vs
1205 3096 1303 3165 ponito

156 3185 226 3240 Abc
321 3178 455 3241 4‘cancer
473 3188 533 3241 ater
552 3188 576 3242 is
596 3187 654 3241 olet
678 3186 704 3239 V
721 3203 820 3241 cancer
839 3186 910 3242 atari
929 3186 1002 3240 solet
1019 3186 1088 3252 Aes
1102 3202 1201 3239 cancer
1218 3185 1304 3240 atteri

156 3275 229 3329 solet
248 3274 263 3329 b
355 3275 488 3330 bsubbus
511 3274 579 3330 Vbc
597 3277 696 3346 siaptus
716 3276 766 3342 Af
851 3276 988 3344 suppurat
1012 3273 1113 3340 VAbf
1133 3258 1263 3343 suspurat
1279 3292 1302 3330 c.

155 3363 299 3433 Suppurab
315 3365 347 3418 in
360 3365 484 3434 marpissa
498 3364 650 3432 adscripsit
662 3364 689 3416 P
758 3370 774 3417 6
789 3365 877 3437 tetras
896 3363 1021 3417 brassica
1030 3363 1058 3415 P
1072 3364 1161 3418 tetras
1179 3365 1303 3420 brassica

153 3453 225 3508 Aba
256 3454 346 3508 terras
374 3453 538 3520 brassicas
564 3458 623 3507 tere
651 3451 802 3507 brassicam
826 3469 852 3506 a.
889 3455 962 3506 teras
991 3453 1104 3506 coniecit
1134 3452 1301 3509 Politicaas.

155 3543 267 3596 ‘Taras
285 3542 448 3599 brassicam.
486 3542 619 3598 Mcadose
647 3545 679 3597 a'a
705 3543 829 3611 antiquis
856 3540 971 3595 Taetras
998 3540 1137 3595 brassioa’
1164 3543 1302 3598 Victorias

243 3638 258 3686 7
277 3633 394 3699 fortasse
412 3634 441 3687 et
458 3632 586 3686 luxatum
607 3630 700 3700 siquid
719 3633 768 3698 est,
788 3631 831 3685 bis
850 3631 879 3684 in
898 3629 943 3683 die
1036 3635 1052 3684 8
1071 3630 1166 3684 fausto
1185 3632 1212 3684 A
1231 3648 1299 3687 corr.

154 3719 249 3775 fouebo
267 3721 308 3774 Α2
378 3720 466 3776 faciat
484 3737 553 3776 corr.
572 3719 659 3774 faciet
678 3721 705 3772 A
785 3721 902 3786 fortasse
920 3716 964 3772 bis
982 3717 1012 3772 in
1031 3716 1076 3772 die
1095 3719 1229 3788 apponite

155 3843 359 3913 9aufcrentA
435 3809 525 3914 siquid1
544 3845 690 3899 contusum
709 3845 736 3897 A
834 3849 867 3897 13
886 3843 1072 3898 hordeaceam
1095 3843 1300 3899 Vordeaoeam

152 3932 226 4000 Aof
244 3932 400 3989 hordeaco
419 3951 434 3990 c
555 3933 747 3987 huiuscemodi
766 3932 860 3987 ulcera
879 3933 918 4000 df
935 3932 1141 3987 huiusscemodi
1159 3933 1254 3988 ulcera
1272 3936 1300 3988 A

152 4017 341 4078 hui¹scem0di
358 4023 452 4079 ulcera
472 4042 486 4079 c
508 4021 670 4077 huiusmodi
688 4021 782 4075 ulcera
803 4020 831 4073 V
919 4027 952 4075 14
970 4038 1037 4076 sana
1055 4039 1071 4076 a
1090 4037 1188 4076 sanum
1209 4023 1299 4077 PAR

238 4116 271 4166 to
290 4127 382 4180 neque
400 4127 520 4182 purgare
539 4110 599 4165 AR
610 4109 692 4178 Vua,
711 4126 763 4163 nec
782 4126 902 4179 purgare
924 4110 952 4163 V
1035 4109 1090 4164 erit
1106 4108 1299 4166 huiuscemodi

157 4199 224 4267 Vos
246 4198 302 4254 erit
318 4199 527 4255 huiusscemodi
545 4200 572 4252 A
598 4199 651 4253 erit
669 4194 888 4252 hui¹scemodic
983 4205 1015 4253 16
1035 4198 1199 4254 ordeaceam
1221 4198 1297 4255 VAb

154 4287 301 4342 ordeamc
391 4296 424 4344 17
443 4291 539 4344 acceto
554 4290 647 4357 priore
666 4289 723 4343 loco
741 4290 768 4341 A
853 4286 941 4341 nichil
959 4286 987 4341 A
1077 4294 1110 4341 18
1129 4289 1187 4343 edis
1208 4289 1298 4342 PAR

155 4376 254 4430 edaso
326 4376 503 4431 coriandrum
524 4379 628 4430 sectam
646 4377 701 4432 VR
721 4376 897 4431 coriandrum
915 4380 1021 4430 sectum
1039 4377 1065 4429 A
1140 4382 1172 4430 19
1191 4376 1298 4431 faciens

154 4464 182 4519 A
200 4480 267 4520 corr.
286 4465 373 4522 faciei
390 4465 432 4521 A*
503 4465 644 4519 sociabit
662 4467 690 4518 A
762 4467 857 4521 album
876 4466 978 4521 bonam
996 4464 1079 4519 satiet
1098 4466 1124 4518 A
