2994 5018
485 356 532 409 DE
552 355 639 411 AGRI
659 355 830 411 0chch
850 356 878 412 Ο.
902 359 961 415 156
1247 355 1289 420 99

146 532 252 603 taeque
280 526 380 604 eiciet,
413 526 457 583 uti
485 525 549 602 ipse
577 525 717 602 miretur,
745 523 824 582 uude
857 531 972 584 tantum
1001 526 1064 584 siet.
1106 531 1208 603 postea
1239 524 1291 585 ubi

146 631 293 691 decritum
317 648 422 690 versus
445 629 513 709 ibit,
537 629 685 689 heminam
709 636 759 689 aut
783 629 869 707 paulo
894 629 960 708 plus
983 629 1073 691 bibat.
1116 633 1141 690 si
1165 630 1291 709 amplius

144 736 212 817 ibit,
236 738 344 796 sumito
369 736 480 795 farinae
503 738 634 796 minutae
658 753 765 795 concas
789 735 875 816 duas,
898 736 1000 796 iufriet
1022 739 1054 796 iu
1077 755 1196 817 aquam,
1220 756 1290 816 pau·

110 820 112 824 ,
144 843 205 904 lum
225 843 315 924 bibat,
339 845 510 903 constituet.
548 862 650 903 verum
675 842 784 922 quibus
803 845 930 903 tormina
949 843 1071 904 molesta
1088 853 1184 922 eruut,
1209 845 1289 905 bras-
1308 843 1327 902 5

116 952 236 1012 esicam
260 968 335 1028 aqua
358 952 508 1011 macerare
529 958 654 1028 oportet.
696 948 747 1010 ubi
761 957 908 1011 macerata
923 953 992 1031 erit,
1017 953 1123 1011 coicito
1138 954 1289 1031 inaquam

143 1057 279 1137 calidam,
304 1059 424 1136 coquito
449 1074 543 1136 usque
567 1057 661 1117 donec
686 1056 873 1116 conmadebit
892 1056 981 1137 bene,
1005 1076 1110 1136 aquam
1125 1058 1287 1120 deiuudito.

143 1172 245 1243 postea
268 1164 359 1224 salem
383 1164 481 1224 addito
497 1173 526 1225 et
541 1167 652 1225 cumini
666 1163 818 1243 paululum
834 1171 864 1223 ct
879 1163 1017 1241 pollinem
1032 1164 1168 1243 polentae.
1183 1166 1288 1226 eodem

143 1272 241 1332 addito
265 1279 295 1332 et
319 1270 425 1331 oleum.
463 1268 565 1350 postea
588 1272 767 1351 fervefacito,
791 1271 937 1332 luluudito
962 1274 991 1331 in
1011 1274 1150 1353 catinum,
1174 1276 1218 1333 uti
1238 1275 1287 1335 lri·
1308 1272 1326 1329 6

141 1385 249 1456 gescat.
292 1396 326 1437 eo
355 1381 475 1439 interito
504 1378 583 1457 quod
612 1377 690 1438 volet
712 1377 783 1457 cibi,
812 1386 914 1456 postea
938 1378 1006 1438 edit.
1049 1378 1100 1438 sed
1125 1382 1149 1440 si
1177 1385 1288 1459 poterit

102 1503 129 1544 ro
144 1484 234 1545 solam
258 1484 421 1545 brassicam
445 1502 523 1559 esse,
548 1484 617 1544 edit.
660 1486 738 1544 etsi
762 1486 825 1544 sine
850 1482 932 1544 febre
957 1486 1028 1565 erit,
1055 1484 1123 1546 dato
1147 1489 1208 1548 vini
1231 1491 1288 1549 atri

141 1590 209 1650 duri
250 1599 390 1670 aquatum
424 1591 505 1651 bibat
529 1609 617 1669 quam
640 1592 809 1672 minimum3
838 1593 864 1650 si
887 1590 978 1650 lebris
1002 1594 1072 1673 erit,
1100 1611 1214 1672 aquam.
1257 1596 1285 1656 id

141 1697 229 1758 lecito
262 1698 369 1758 cotidie
398 1716 492 1758 mane.
534 1697 626 1759 nolito
655 1697 781 1758 multum
811 1696 895 1776 dare,
928 1715 964 1757 ue
994 1699 1213 1781 pertaedescat,
1243 1705 1286 1762 uti

139 1806 235 1884 possit
255 1824 346 1885 porro
369 1806 498 1867 libenter
521 1825 595 1867 esse.
637 1806 673 1866 ad
697 1806 824 1866 eundem
848 1806 968 1867 modum
992 1810 1055 1867 viro
1076 1814 1105 1867 et
1120 1807 1238 1869 mulieri
1257 1817 1286 1870 et

140 1930 234 1990 puero
257 1912 333 1974 dato.
376 1932 455 1974 nuuc
479 1914 515 1973 de
540 1913 612 1994 illis,
636 1912 745 1992 quibus
769 1931 856 1991 aegre
876 1912 979 1973 lotium
994 1916 1018 1973 it
1033 1913 1201 1994 quibusque
1217 1916 1284 1976 sub-
1307 1911 1324 1966 7

104 2047 131 2087 15
146 2018 257 2079 stillum
273 2027 334 2080 cst.
377 2023 485 2080 sumito
509 2020 685 2100 brassicam,
719 2021 825 2080 coicito
849 2023 1008 2099 inaquam
1033 2021 1205 2103 ferventem,
1238 2043 1285 2084 co·

141 2128 223 2203 quito
247 2126 411 2206 paulisper,
439 2129 484 2187 uti
508 2127 656 2187 subcruda
681 2130 744 2188 siet.
786 2135 888 2206 postea
917 2145 1022 2206 aquam
1046 2127 1199 2189 defundito
1225 2148 1285 2191 non

141 2248 265 2291 omnem.
308 2250 342 2291 eo
366 2233 465 2293 addito
489 2232 586 2293 oleum
610 2233 685 2293 bene
710 2242 739 2294 et
764 2234 854 2297 salem
878 2242 907 2294 et
926 2237 1038 2295 cumini
1051 2235 1218 2317 paululum,
1241 2240 1283 2296 iu-

140 2337 309 2399 lerveiacito
337 2339 495 2419 paulisper.
537 2348 640 2418 postea
669 2339 737 2400 iude
766 2340 915 2401 iusculum
945 2341 1084 2420 frigidum
1108 2340 1229 2402 sorbere
1254 2351 1284 2403 et

138 2447 233 2523 ipsam
256 2445 418 2507 brassicam
441 2466 520 2528 esse,
550 2449 593 2507 uti
621 2449 863 2526 quamprimum
888 2456 1079 2527 excoquatur.
1121 2448 1229 2509 cotidie
1253 2449 1305 2509 111

101 2550 237 2618 11111111.

140 2674 352 2683 Ἤ

156 2727 159 2731 ’
211 2740 383 2820 tdeorjtum
407 2743 501 2810 PAR,
521 2760 590 2799 corr.
610 2744 739 2798 deorsum
760 2745 801 2798 A²
820 2746 970 2799 dormitum
990 2748 1046 2802 cod.
1066 2745 1153 2800 Laur.
1173 2751 1218 2813 30,
1238 2751 1282 2812 10,

137 2828 292 2884 decoritum
311 2846 335 2884 1.
373 2831 404 2885 c'.
416 2831 587 2886 l'dormitum
605 2835 799 2903 superscripsit
817 2841 841 2889 et
860 2832 1013 2889 c'deorsum
1038 2836 1070 2888 du
1093 2835 1216 2903 uorpiue
1234 2834 1281 2888 ud·

133 2921 228 2988 posuit
246 2921 402 2975 coniectura
424 2920 583 2975 Politiuuus
669 2928 684 2975 3
705 2939 805 2976 conca
825 2924 872 2977 Ac
895 2923 1014 2977 conchas
1038 2923 1105 2990 Vos
1182 2928 1199 2975 4
1219 2939 1283 2977 con«

137 3008 217 3063 sistet
235 3010 384 3063 Iucuudus
468 3009 593 3064 brassica
611 3010 638 3063 in
658 3027 731 3079 aqua
750 3010 810 3064 AR
838 3012 990 3065 brassicam
1013 3011 1042 3065 in
1060 3028 1163 3080 aquam
1187 3011 1212 3064 V

137 3097 273 3153 tcoicito
294 3098 353 3152 PR
379 3097 498 3151 conicito
517 3097 545 3151 A
569 3098 734 3154 coniicitoc
842 3100 997 3155 tcalidcm
1022 3101 1079 3155 VR
1104 3100 1234 3155 callidam
1254 3101 1281 3153 A

216 3185 304 3240 donec
323 3188 510 3242 commadebit
531 3190 578 3242 Pb
606 3190 660 3242 don
679 3192 699 3260 7
720 3191 755 3259 (b.
777 3209 798 3244 e.
818 3190 913 3255 donet)
933 3189 1120 3244 commodabit
1137 3192 1165 3242 A
1184 3190 1234 3243 dor
1253 3191 1282 3243 ct

136 3274 293 3329 comedebit
315 3279 405 3345 spatio
426 3295 582 3346 paucorum
602 3279 755 3332 litterarum
774 3284 838 3346 post
861 3278 912 3331 dor
929 3279 1055 3333 relictos
1082 3279 1135 3333 doc
1154 3295 1188 3332 cx
1206 3294 1280 3330 com·

135 3362 296 3431 madebitf
323 3366 388 3419 dum
413 3382 446 3420 ea
470 3365 660 3419 commadebit
677 3383 701 3418 c.
741 3365 852 3435 ‘Vsque
877 3367 965 3421 donec
989 3365 1178 3420 commodebit
1200 3366 1278 3422 bene.

140 3451 222 3507 Vetus
240 3453 328 3519 lectio,
349 3453 441 3522 Vsque
461 3454 513 3508 doc
533 3471 577 3523 cc,
596 3456 752 3521 euuuduuc',
770 3472 854 3524 usque
872 3455 970 3509 doucc’
996 3454 1133 3509 Victorius
1211 3463 1226 3509 9
1247 3473 1279 3511 eo

85 3593 86 3596 ,
135 3541 275 3609 cyminum
294 3541 408 3597 interito
428 3542 574 3596 Iucundos
692 3545 752 3598 edit
776 3546 870 3612 priore
890 3544 946 3598 loco
967 3544 1034 3610 Pcf
1058 3549 1082 3597 et
1100 3560 1232 3612 superscr.
1252 3545 1280 3598 A

135 3643 234 3720 edico
259 3667 325 3720 edat
343 3684 368 3734 1,
396 3666 455 3720 edit
471 3668 619 3734 posteriore
639 3669 695 3722 loco
714 3668 774 3721 AR
793 3668 859 3723 edat
883 3669 913 3723 V.
954 3669 1022 3722 ‘Hic
1040 3670 1123 3723 etduou
1141 3670 1182 3723 bis
1200 3670 1279 3735 Edit,

131 3770 185 3823 pro
207 3755 298 3822 Edut,
321 3757 446 3823 posuisse
471 3755 538 3810 Octo
565 3757 689 3825 uidetur,
717 3759 940 3825 quemadmodum
964 3765 1046 3812 autea
1075 3759 1279 3813 admonuimus:

133 3845 254 3912 sequenti
272 3846 355 3923 ettam
367 3846 473 3912 cupite,
499 3846 570 3899 u'dcru
589 3845 630 3898 bis
648 3847 730 3912 fucit,
754 3864 838 3915 quare
858 3849 957 3902 tuticus
976 3849 1007 3902 iu
1024 3849 1188 3915 fidelissimis
1207 3848 1278 3902 codi-

133 3935 210 3990 cibus
229 3952 247 3988 u
264 3918 342 3989 uobis
360 3936 501 3989 iuueutuu
521 3936 695 4002 locutionem,
715 3937 842 4004 quamuis
860 3936 1036 4003 inusitatum,
1062 3954 1119 3991 uou
1136 3937 1278 3991 debuimus

84 4060 90 4066 -
131 4023 296 4094 repudiurc'
324 4024 461 4080 Victorius
534 4030 567 4078 10
585 4024 645 4077 uini
664 4025 718 4079 atri
741 4024 802 4077 duri
822 4027 957 4093 aquatum
979 4026 1037 4079 PR
1064 4025 1123 4079 uini
1142 4026 1194 4079 atri
1215 4025 1277 4095 puri

132 4114 266 4182 aquatum
285 4113 313 4168 A
331 4113 390 4167 uini
408 4113 463 4167 atri
481 4113 550 4166 duri.
589 4129 679 4181 cquae
697 4119 756 4167 tum
776 4131 799 4167 o,
836 4115 952 4180 fortusse
970 4113 1028 4169 vini
1047 4114 1101 4169 atri
1120 4132 1182 4169 cum
1202 4132 1276 4183 aqua

205 4209 235 4256 11
257 4202 281 4256 si
299 4202 384 4256 febris
404 4202 458 4255 erit
475 4203 544 4256 Ado
564 4201 586 4255 si
606 4203 697 4256 febres
717 4203 770 4256 erit
789 4204 853 4269 Pcf
936 4209 969 4256 14
987 4203 1088 4258 lotium
1112 4204 1155 4257 Vc
1173 4203 1276 4258 loeium

133 4291 182 4346 Ab
201 4291 353 4357 loctiumf
434 4295 466 4344 15
486 4290 586 4345 coicito
607 4291 710 4358 PAbf
732 4291 885 4360 proicitoc
908 4293 1038 4347 coniicito
1056 4311 1073 4346 c
1166 4299 1196 4346 19
1217 4311 1275 4348 esse

133 4377 176 4434 uti
199 4381 426 4451 quamprimum
450 4382 621 4448 excoquatur
644 4384 895 4452 (exquoquaturs)
924 4383 980 4438 VR
1012 4399 1070 4437 csse
1096 4384 1208 4450 oportet
1233 4380 1276 4438 uti

133 4469 354 4540 quamprimum
373 4471 510 4538 excoquat
530 4471 675 4525 Iueuudus
694 4471 721 4524 A
736 4472 769 4539 (t)

1026 4560 1061 4614 p*
