2994 5018
198 349 241 411 64
693 344 849 400 CATONIS

200 514 287 574 liceto
311 516 439 594 coicere,
469 521 498 573 et
521 514 621 573 vinum
650 514 719 573 item
749 515 778 572 in
808 530 900 571 uncam
925 530 974 571 vas
1002 465 1427 580 ineman-⁶

199 640 261 680 rem
286 621 414 680 divinam
444 620 489 680 vel
518 639 621 680 servus
651 620 696 680 vel
723 620 798 680 liber
827 619 928 681 licebit
956 620 1051 682 iaciat.
1089 619 1140 679 ubi
1169 636 1216 677 res
1245 616 1346 676 divina

199 728 274 787 sacta
299 729 368 807 erit,
393 729 493 787 statim
517 726 626 787 ibidem
651 730 825 788 consumito.
868 726 974 787 molier
994 728 1109 787 adeam
1127 743 1191 785 rem
1215 724 1347 795 divitum

200 853 237 893 ne
261 833 337 893 adsit
361 851 434 893 neve
459 834 555 893 videat
579 853 637 912 quo
662 834 748 894 modo
768 835 826 894 liat.
863 833 919 894 hoe
936 842 1035 894 votum
1049 836 1080 893 in
1095 850 1187 893 annos
1203 828 1348 912 singulos,

199 943 225 1000 si
249 940 343 1020 valeS,
367 940 467 1000 licebit
491 959 605 1001 vovere.
1377 951 1391 991 ⁶

43 1060 189 1119 Lxxxllll
294 1046 433 1107 Savillum
453 1048 508 1107 boc
525 1047 610 1107 niodo
626 1047 722 1108 facito.
760 1048 870 1107 farinae
886 1045 1032 1125 selibram,
1056 1047 1135 1105 casei
1154 1061 1181 1130 Ρ.
1201 1058 1227 1103 11
1248 1056 1264 1103 s
1289 1060 1350 1101 una

202 1157 382 1215 cortinisceto
407 1157 492 1234 quasi
518 1155 624 1234 libum,
652 1154 747 1214 mellis
767 1153 854 1231 1³2
909 1162 938 1213 et
961 1171 1048 1212 ovunr
1073 1169 1173 1212 tinum.
1215 1151 1349 1210 catinum

203 1262 291 1322 fictile
316 1261 380 1322 oleo
405 1264 536 1340 unguito.
575 1261 626 1321 ubi
650 1264 747 1322 omnia
770 1262 845 1321 beno
861 1261 1089 1339 conmiscucriS,
1113 1261 1142 1317 in
1158 1260 1288 1317 catinum
1305 1258 1349 1315 in-

203 1369 278 1449 dito,
311 1371 441 1429 catinam
471 1377 547 1430 testo
571 1370 695 1447 operito.
732 1370 829 1429 videto
859 1378 892 1429 ut
916 1368 990 1428 benc
1018 1384 1184 1446 percoqnas
1207 1364 1350 1442 medium,

203 1474 255 1535 nbi
279 1475 456 1536 altissimum
480 1485 533 1536 est.
572 1476 624 1536 ubi
648 1484 766 1536 coctum
790 1479 856 1557 erit,
880 1477 1010 1536 catinum
1031 1475 1159 1552 eximito,
1184 1470 1269 1531 melle
1294 1489 1393 1535 nir-10

203 1585 298 1664 guito,
327 1602 454 1661 papaver
482 1577 615 1664 inlri‘ato,
645 1585 700 1645 sub
725 1593 834 1644 testum
859 1583 952 1644 subde
976 1582 1139 1661 paulisper,
1162 1587 1265 1659 postea
1289 1580 1355 1638 exi-¹

204 1692 284 1749 mito.
323 1691 363 1749 ita
385 1709 462 1768 pone
486 1709 554 1751 cum
578 1690 675 1751 catillo
700 1700 729 1750 et
753 1690 881 1769 lingulis

66 1807 186 1866 cxxxv
293 1795 409 1856 Pultem
432 1799 571 1875 punicam
595 1799 637 1858 sio
654 1785 789 1876 coquito.
832 1798 937 1857 libram
961 1796 1051 1856 alicae
1075 1797 1105 1854 in
1125 1812 1230 1873 aquam
1245 1792 1351 1872 indito,

204 1903 291 1962 facito
316 1905 360 1962 uti
383 1903 458 1962 bene
482 1905 605 1966 madeat.
642 1905 671 1964 id
696 1905 843 1964 infundite
863 1907 893 1963 in
912 1903 1027 1963 alveum
1042 1921 1164 1982 purum,
1189 1920 1222 1961 co
1244 1903 1351 1960 addito

204 2011 282 2069 casei
296 2013 426 2081 recentis
440 2026 468 2071 P.
484 2027 532 2093 111,
551 2012 645 2072 mellis
666 2028 694 2072 P.
715 2026 741 2093 s,
761 2031 849 2072 ovum
864 2030 965 2092 tanum,
985 2013 1082 2070 onmia
1097 2028 1155 2069 una
1169 2009 1350 2087 permisceto
1367 2027 1394 2067 15

207 2115 289 2176 benc.
331 2119 371 2177 ita
395 2120 516 2197 insipito
541 2122 571 2179 in
594 2120 690 2180 aulam
714 2138 826 2179 novam.

58 2233 189 2290 lelllVl
298 2223 443 2317 Graneam
466 2229 613 2287 triticeam
641 2229 684 2287 sic
713 2227 809 2287 facito.
847 2226 984 2287 selibram
1013 2226 1106 2285 tritici
1128 2225 1197 2302 puri
1220 2225 1250 2282 in
1274 2241 1351 2282 mor·

241 2472 243 2476 A
277 2415 419 2470 lcoicere
434 2418 528 2486 priore
547 2420 604 2472 loeo
624 2417 680 2472 PR
700 2418 825 2473 conicere
844 2418 871 2470 A
891 2416 1060 2470 coniicereo
1154 2413 1295 2466 ebrinum
1317 2443 1351 2450 —

205 2504 310 2556 coicere
329 2519 378 2558 am.
399 2506 438 2571 bf
504 2506 573 2560 item
592 2507 621 2559 in
636 2525 722 2560 unum
736 2525 786 2561 uas
805 2506 955 2570 Victorius,
974 2504 1049 2557 idem
1062 2503 1093 2556 in
1106 2520 1192 2555 unum
1206 2517 1257 2555 aas
1275 2499 1352 2555 VAc

277 2591 382 2647 coicere
399 2596 550 2662 posteriore
568 2597 624 2648 loco
641 2595 720 2649 PAc
738 2595 904 2648 coniicereo
981 2599 996 2646 2
1016 2591 1112 2646 diuina.
1126 2591 1276 2660 posteriore
1294 2591 1352 2644 iaco

205 2678 309 2749 Aliso,
329 2681 451 2751 diuinas,
470 2684 516 2736 sed
534 2685 618 2737 deleto
634 2690 740 2752 postea,
759 2689 790 2737 ut
808 2685 928 2748 uidetur,
948 2701 960 2736 s
981 2682 1009 2734 P
1025 2680 1162 2735 diuinase
1241 2685 1257 2732 3
1278 2696 1352 2734 com-

205 2767 308 2823 sumito
323 2771 350 2822 A
424 2775 439 2824 5
459 2769 482 2823 si
500 2769 578 2824 uoles
593 2771 750 2837 Iucundus,
769 2770 847 2824 uoles
867 2770 891 2822 si
908 2769 999 2824 VAbc
1017 2769 1094 2823 uoles
1113 2770 1130 2837 f

277 2862 292 2909 6
311 2856 343 2910 R.
364 2858 531 2911 LXXXXllI
551 2859 686 2913 Suuillum
706 2859 746 2913 sic
765 2859 851 2914 facito
869 2859 950 2913 AVb
1024 2866 1038 2914 7
1059 2859 1208 2914 comiseeio
1228 2859 1251 2912 A
1275 2875 1351 2913 com-

206 2945 321 3000 miseelo
345 2945 401 3000 VR
474 2948 566 3002 mellis
584 2966 611 3017 p.
626 2963 696 3005 ἶ-
714 2948 772 3001 PA
786 2948 878 3002 mellis
896 2966 933 3017 p:·
953 2949 989 3002 bc
1006 2947 1099 3001 mellis
1113 2966 1139 3017 p.
1155 2947 1180 3000 ΙΙ
1194 2964 1219 3001 o.
1238 2947 1354 3014 fortasse

206 3035 302 3090 addito
322 3037 413 3091 mellis
431 3056 458 3107 p.
478 3051 548 3095 :-
621 3044 637 3091 8
657 3038 864 3092 commiscearis
887 3037 952 3106 ch
975 3054 1037 3090 cum
1056 3036 1199 3090 miscueris
1218 3035 1269 3103 Af

205 3123 234 3177 in
254 3125 377 3179 catinum
396 3144 445 3182 om.
466 3126 503 3196 A,
523 3128 585 3182 add.
605 3127 660 3180 Vn
733 3127 840 3181 dissic
859 3127 928 3180 Aba
946 3125 1073 3180 textoV.
1113 3124 1353 3194 ‘luctaminibus

206 3216 385 3270 uetustissimi
409 3219 524 3271 codices:
549 3234 610 3271 cum
632 3233 685 3287 quo
708 3218 781 3270 huuc
803 3221 926 3270 uestrum
949 3216 1162 3283 conferebamus:
1186 3216 1250 3270 baec
1274 3220 1353 3270 eraut

206 3305 328 3373 asnapio
346 3307 431 3359 uerba
454 3307 498 3359 lu'c
516 3307 633 3360 eiusdem
652 3307 763 3360 librarii
781 3322 866 3359 mauu
884 3306 933 3373 qui
955 3309 980 3358 et
997 3306 1086 3373 ipsum
1106 3304 1284 3372 descripserat
1303 3302 1353 3358 00-

206 3395 307 3448 da'cem:
327 3426 359 3435 —
379 3410 410 3466 v3
430 3421 462 3439 =
483 3395 544 3449 Huc
562 3411 628 3464 usqe
661 3395 663 3466 f
692 3396 726 3449 de
746 3394 853 3448 duobus
883 3392 886 3463 1
917 3392 1063 3447 emendaui
1094 3392 1097 3464 1
1127 3391 1192 3446 hinc
1212 3392 1245 3445 de
1264 3408 1318 3452 uno
1347 3397 1351 3468 Ι

207 3483 375 3551 exemplario
404 3483 407 3554 l
434 3483 555 3536 iantum’
577 3485 608 3536 iu
626 3484 750 3552 marpiue
769 3482 916 3550 adscripsit
935 3480 969 3534 P.
988 3483 1078 3535 eadem
1097 3481 1240 3536 adnotabit
1265 3479 1353 3532 Victo-

207 3573 275 3637 rius,
302 3572 419 3627 ‘Oautra
441 3574 513 3626 lauuc
536 3573 622 3626 lacum
645 3574 677 3625 iu
699 3573 823 3641 marpiue
845 3571 1031 3636 uetustissimi,
1049 3571 1250 3639 fidelissimique
1268 3585 1353 3623 eaeru-

203 3662 296 3728 plaris
314 3662 379 3715 baec
397 3662 482 3715 uerba
500 3662 591 3714 eadem
609 3678 694 3714 mauu
712 3663 816 3730 scripta
829 3665 907 3715 suut:
926 3661 1088 3729 Hucusque
1102 3663 1134 3714 de
1149 3661 1254 3715 duabus
1268 3676 1355 3725 emeu3

211 3751 289 3811 daui,
307 3750 371 3804 biuc
390 3751 422 3804 de
440 3766 497 3803 uuo
516 3751 679 3818 exemplario
694 3749 811 3804 tautum’
886 3766 1040 3819 percoquas
1055 3751 1110 3803 beo
1129 3765 1261 3818 percoces
1279 3747 1359 3814 PAf

246 3827 249 3833 ¹
281 3845 313 3892 10
334 3837 437 3893 exmiio
457 3845 570 3908 utroque
589 3840 645 3893 laco
659 3840 700 3907 A,
719 3841 768 3894 ubi
786 3838 868 3893 melle
890 3871 921 3877 -
943 3839 1046 3893 exmilo
1065 3840 1097 3892 iu
1111 3840 1235 3908 raarpiue
1248 3838 1354 3909 scripte

211 3935 277 3982 suut
351 3935 382 3982 11
403 3928 516 3982 inliiato
541 3928 597 3982 VR
615 3928 745 3984 infricata
764 3928 791 3982 A
871 3935 903 3981 12
924 3928 1037 3998 lingulis
1057 3929 1212 3996 Iucundos,
1231 3925 1354 3994 lingulas

214 4017 308 4071 VAR.
337 4020 453 4085 sortasse
471 4018 592 4087 lingulas
612 4019 707 4072 addito

281 4114 313 4162 13
337 4109 370 4162 R,
394 4107 574 4161 LXXXXllll
597 4108 708 4162 Pultem
727 4107 858 4178 punicam
879 4109 919 4162 sic
937 4109 1023 4162 facito
1041 4107 1122 4162 AVb
1231 4105 1355 4160 abacos

209 4199 301 4267 eligas
322 4197 350 4249 P
368 4197 441 4266 elige
461 4198 510 4251 Ab
530 4197 615 4269 alligp
635 4213 649 4251 c
733 4197 762 4250 in
780 4215 881 4266 aquam
899 4215 1031 4267 superser.
1051 4198 1079 4250 A
1171 4202 1204 4249 14
1223 4195 1264 4249 ubi
1282 4194 1354 4248 bene

209 4287 355 4356 ARVict,
375 4288 408 4341 ui
426 4288 496 4341 bene
519 4286 545 4339 V
632 4286 727 4341 addito
751 4303 800 4343 oua
823 4286 911 4342 VAR
1001 4286 1095 4339 omnia
1112 4303 1168 4340 una
1185 4284 1355 4354 permisceio

210 4377 442 4443 beneAIiVict.,
463 4377 556 4431 omnia
575 4392 630 4429 una
647 4376 718 4429 bene
737 4374 904 4444 permisceto
916 4378 944 4430 P
962 4377 1055 4431 omnia
1073 4377 1144 4430 bene
1159 4375 1355 4444 permisoeioo

282 4472 313 4521 17
334 4468 365 4521 lt.
386 4465 539 4520 LXXXXV
559 4466 696 4521 Graneum
715 4464 853 4519 triticeam
874 4465 912 4519 sic
932 4466 1016 4520 facito
1037 4465 1117 4518 AVb
