2994 5018
670 298 826 353 CATONIS

190 440 198 465 ³
268 466 344 528 CXII
367 466 462 525 Boves
485 467 530 525 uti
552 464 700 524 valeanta

268 572 357 634 CXIII
382 572 488 633 Vinum
512 573 637 633 famiIiae
661 590 715 649 per
738 572 865 632 hiemem
890 573 941 651 qui
965 579 1066 632 utatur

268 678 372 740 CXIIII
396 677 453 747 Qui
477 695 546 756 ager
569 697 585 736 a
609 680 683 736 mari
706 677 814 758 aberit,
838 677 998 738 ilduinum
1018 697 1157 756 graecum
1177 679 1322 739 sicfaoiio

268 786 341 848 CXV
364 786 464 865 Aquae
488 786 618 844 mannae
643 784 829 844 ooneinnatio

268 892 355 954 CXVI
379 892 443 963 Quo
467 891 547 951 Iabra
572 890 718 950 doliorum
742 890 945 972 circumfluas,
968 900 1001 952 uI
1025 892 1100 953 hene
1124 894 1245 953 odorata
1264 894 1323 952 sint
1350 904 1363 943 ὁ

200 1016 205 1035 ··
231 1010 233 1014 ’
269 999 370 1060 CXVII
394 999 502 1058 Vinum
526 1000 551 1057 si
574 997 655 1058 voles
678 999 808 1076 experiii
832 998 1009 1059 duraturum
1033 1002 1071 1060 sit
1094 1018 1188 1060 neone

199 1118 201 1125 ’
231 1112 242 1123 ''
268 1104 381 1165 CXVIII
404 1106 512 1166 Vinum
531 1123 669 1184 asperum
689 1104 767 1181 quod
783 1106 840 1165 erit
855 1104 920 1165 lene
936 1112 966 1164 ei
980 1123 1069 1165 suave
1084 1107 1110 1165 si
1124 1104 1204 1165 voles
1219 1105 1324 1185 Iacere,

406 1212 477 1291 quid
501 1214 592 1272 famas

269 1318 396 1378 CXVIIII
419 1318 455 1378 Vt
474 1318 594 1377 odorem
611 1316 719 1377 malum
734 1318 845 1376 eximas
860 1317 896 1376 de
911 1319 991 1397 vIno,
1017 1318 1088 1397 quid
1103 1318 1201 1378 Iacere
1217 1318 1325 1378 debeas

268 1424 345 1485 CXX
370 1424 401 1484 Si
429 1423 509 1483 voles
538 1425 614 1483 seire
634 1425 735 1482 viuum
755 1441 860 1502 aquam
880 1423 986 1483 habeat
1005 1441 1108 1504 neone,
1132 1424 1203 1503 quid
1228 1425 1324 1486 iacere
1339 1435 1365 1474 1⁰

364 1531 472 1592 debeas

268 1638 359 1700 CXXI
382 1637 490 1697 Vinum
513 1654 600 1696 eoum
624 1639 650 1696 si
673 1635 753 1696 voles
777 1637 888 1717 faeere,
913 1656 940 1715 q.
965 1656 989 1697 a.
1013 1655 1051 1697 m.
1076 1637 1165 1697 faeias

269 1744 373 1805 CXXII
397 1743 503 1804 Vinum
528 1745 706 1803 eoneinnare
730 1751 763 1803 ui
787 1743 1015 1815 alvumbonam
1038 1745 1129 1804 Iaeias

269 1849 386 1910 CXXIII
409 1849 442 1909 In
466 1851 567 1909 vinum
591 1857 724 1909 mustum
748 1851 859 1909 veratri
877 1852 933 1910 adri
948 1850 1133 1929 manipulum
1148 1850 1268 1928 auidae,
1292 1856 1325 1909 ut

410 1956 517 2016 bonam
541 1955 636 2016 aIvom
659 1957 748 2016 facias
1339 1965 1364 2005 1⁵

122 2130 125 2137 ,
160 2134 163 2139 ,
206 2094 236 2117 11·
269 2062 399 2124 CXXIIII
422 2062 530 2123 Vinum
553 2063 589 2123 ad
613 2043 710 2122 alvum
733 2063 906 2123 movendam
931 2082 989 2143 quo
1014 2063 1100 2124 modo
1125 2063 1214 2124 iacias

268 2170 369 2231 CXXV
393 2170 426 2229 Si
446 2169 549 2230 IentIm
574 2171 763 2250 samareum,
788 2170 859 2249 quid
884 2171 981 2230 Iacere
1005 2170 1113 2231 debeas

269 2277 384 2339 CXXVI
407 2277 494 2337 Oleae
519 2276 601 2336 albae
626 2295 684 2355 quo
708 2277 795 2336 modo
820 2277 997 2338 condiantur
1159 2268 1161 2271 ’

157 2368 160 2373 ’
183 2364 187 2371 ’
227 2428 230 2433 -
268 2370 396 2445 CXXVII
419 2383 520 2445 Oleam
545 2375 639 2444 albam
663 2402 751 2463 quam
770 2384 934 2445 seeundum
949 2385 1128 2445 vindemiam
1146 2384 1198 2463 [n]
1215 2387 1259 2446 uti
1275 2387 1326 2464 νίς,

416 2511 442 2571 q.
462 2511 486 2552 a.
506 2510 543 2551 m.
568 2491 688 2551 condias
1339 2496 1366 2536 2⁰

241 2612 244 2619 ’
269 2598 410 2660 CXXVIII
433 2598 706 2678 Epityrumalbum
725 2600 843 2676 nigrum
862 2601 1035 2678 variumque
1051 2618 1078 2679 q.
1093 2619 1117 2659 a.
1133 2618 1170 2660 m.
1186 2617 1221 2658 ex
1241 2598 1324 2659 oliuis

437 2706 526 2766 Iaeias

256 2972 271 3019 2
290 2965 412 3020 hiemem
431 2967 457 3018 A
475 2965 605 3032 hyemem
627 2963 670 3019 Ve
745 2971 762 3018 4
781 2963 957 3020 concinnatio
983 2964 1025 3018 Vc
1045 2964 1198 3019 continetio
1217 2967 1244 3019 A

181 3062 196 3111 ὅ
217 3053 365 3109 oirouIinae
384 3056 411 3107 A
503 3059 517 3106 'I
537 3051 640 3106 Vinum
660 3069 789 3123 asperum
807 3054 882 3123 quod
902 3052 955 3107 erit
974 3055 1036 3107 Iene
1056 3055 1084 3107 et
1103 3070 1188 3108 euaue
1207 3054 1231 3106 si
1249 3053 1326 3108 uoles

180 3144 271 3198 faeere
286 3142 337 3212 (sie
351 3145 429 3197 uoles
442 3141 547 3211 faeeree
563 3145 586 3212 e)
601 3141 669 3210 quid
683 3140 771 3197 facias
785 3143 832 3197 Ae
841 3143 922 3212 Vua,
937 3144 987 3198 uba'
1001 3146 1028 3197 ei
1042 3160 1126 3198 suane
1140 3145 1182 3198 bis
1195 3145 1327 3212 semotum

181 3238 206 3287 et
220 3234 314 3302 priore
332 3233 388 3287 Ioco
407 3233 522 3287 deletum
540 3237 578 3286 est
596 3233 627 3287 iu
640 3233 677 3303 A,
697 3232 798 3286 Vinum
818 3247 947 3302 asperum
961 3233 1036 3300 quod
1055 3233 1109 3286 erit
1122 3233 1184 3286 lene
1200 3235 1229 3287 et
1242 3249 1326 3286 euaue

181 3375 205 3427 si
223 3375 302 3429 uoles
316 3373 407 3429 faeere
423 3347 505 3443 (ciffi
520 3373 607 3429 facias
619 3376 647 3427 P
663 3373 767 3428 Vinum
782 3392 910 3444 asperum
924 3376 986 3429 lene
1001 3373 1085 3428 fieriu
1160 3380 1191 3428 12
1207 3393 1232 3442 q.
1249 3392 1273 3428 a.
1289 3392 1325 3430 m.

180 3517 266 3570 facias
291 3517 374 3582 Vico,
398 3483 499 3583 iiiaiaiii¹
522 3514 610 3570 facias
629 3518 655 3570 A
679 3533 764 3585 quam
786 3515 874 3570 facias
893 3515 921 3568 P
940 3516 1175 3584 quemadmodum
1198 3515 1325 3586 sacioso,

181 3622 231 3659 om.
249 3622 265 3658 o
339 3612 371 3658 13
386 3604 489 3659 Vinum
508 3604 672 3659 concinnare
690 3608 723 3658 ut
741 3605 836 3659 aluum
857 3604 954 3674 (alium
969 3605 1007 3674 A)
1027 3606 1129 3660 bonam
1148 3606 1234 3660 facias
1250 3605 1326 3680 IffAe

181 3693 285 3748 Vinum
300 3693 323 3747 si
338 3693 415 3747 uoles
435 3692 601 3748 concinnare
620 3693 656 3748 ad
674 3694 799 3748 aluume
873 3695 952 3748 14111
966 3693 1063 3748 uinum
1082 3697 1203 3750 mustum
1222 3695 1327 3749 ueratri

181 3782 239 3837 aeui
262 3781 436 3850 manipulum
460 3781 562 3838 coicias
590 3784 622 3836 ui
645 3783 746 3838 bonam
771 3783 864 3837 aiuom
886 3782 973 3837 faciae
998 3785 1032 3850 P,
1062 3801 1112 3839 om.
1135 3801 1151 3838 o
1222 3783 1325 3838 ueratri

182 3872 236 3926 atri
247 3872 325 3938 Vico,
345 3870 448 3925 ueratri
463 3871 521 3925 aeri
534 3872 561 3923 A
580 3888 648 3925 uera
663 3870 721 3924 aori
735 3872 825 3940 spatio
835 3888 991 3939 paucarum
1010 3874 1163 3928 litterarum
1180 3879 1241 3942 post
1260 3890 1326 3927 uera

180 3961 305 4015 relictae
377 3958 549 4028 manipaIum
568 3961 594 4013 A
672 3965 705 4012 15
723 3961 827 4014 bonam
845 3961 937 4015 aluom
958 3962 984 4014 A
1003 3963 1104 4016 bonam
1123 3963 1208 4016 alnon
1232 3979 1247 4016 e

183 4054 216 4102 18
233 4048 330 4103 Oleam
350 4049 442 4103 albam
462 4064 546 4116 quam
565 4049 717 4104 seeundum
734 4048 905 4103 uindemiam
924 4050 947 4104 si
965 4049 1008 4105 uu
1021 4051 1064 4106 uis
1083 4070 1108 4120 q.
1124 4068 1148 4105 a.
1164 4070 1200 4106 m.
1220 4053 1325 4121 (quem-

182 4137 331 4192 admodum
359 4139 383 4206 e)
407 4137 521 4192 condias
546 4137 624 4192 PAe
651 4136 749 4191 Oleam
777 4138 870 4192 albam
898 4140 1049 4193 seeundum
1077 4140 1247 4196 uindemIam
1271 4158 1326 4208 qua

181 4226 299 4281 utarieo
371 4225 748 4296 21Epiuyrumfflpytyrum
762 4226 819 4295 Ae)
839 4228 934 4282 album
952 4229 1064 4298 nigrum
1083 4226 1192 4281 uarium
1207 4246 1232 4297 q.
1248 4245 1273 4283 a.
1288 4248 1324 4282 m.

182 4315 426 4383 (quemadmodum
450 4319 474 4382 e)
498 4332 531 4369 ex
555 4313 637 4370 oliuis
660 4314 747 4370 facias
765 4318 812 4371 Ae
825 4317 907 4386 Vua,
936 4317 1081 4387 Epiiyrum
1101 4318 1196 4372 album
1214 4319 1325 4388 nigrum

181 4403 289 4459 uarium
309 4406 431 4476 (reliquis
450 4406 564 4472 antissio)
586 4404 613 4457 P
630 4405 777 4474 Epitymm
795 4406 891 4460 album
909 4405 1018 4475 nigrum
1038 4407 1066 4461 ei
1084 4407 1191 4461 uarium
1211 4424 1227 4461 o
