2994 5018
559 339 714 394 CATONIS

136 503 202 584 [XV
225 502 289 573 Quo
313 504 399 563 modo
423 505 620 565 torcularium.
637 513 666 566 et
681 505 784 565 cellam
799 505 936 566 oleariam
952 525 1055 585 parare
1071 516 1205 586 oporteat
1223 544 1226 551 ·

15 607 94 679 '²12
152 609 215 668 XVI
239 611 272 670 ln
296 611 369 671 cella
393 610 501 671 olearia
525 630 599 691 qnae
623 631 697 691 opus
722 615 782 672 sint

152 715 229 776 XVII
252 716 355 777 Villam
380 717 589 777 aedificandam
614 720 640 777 si
664 717 774 778 locabis

151 822 242 882 XVIII
266 823 307 883 lle
331 825 468 884 maceriis
492 824 682 885 aedificandis

8 916 56 969 (Ψ
150 928 255 988 XVIIII
279 929 395 991 Calcem
418 933 559 1009 partiario
583 930 734 992 locandam

149 1035 204 1096 XX
227 1037 363 1097 Materies
388 1037 457 1116 quid
483 1040 551 1097 anni
575 1040 748 1116 tempestiva
772 1041 810 1098 sil

17 1153 87 1215 ‘ff-1³¹
149 1142 217 1202 XXI
241 1143 446 1204 Torcularium
470 1146 496 1203 si
519 1145 675 1204 aedificare
700 1145 778 1204 voles

50 1270 75 1297 ἰ
149 1249 230 1309 XXII
252 1250 287 1310 In
309 1268 377 1310 vasa
400 1252 511 1311 vinaria
531 1253 647 1329 silpites
675 1330 677 1335 Ι

29 1376 48 1419 a
62 1384 70 1407 ··
148 1355 243 1416 XXIII
266 1356 427 1437 Trapelum
452 1377 510 1437 quo
534 1358 621 1417 modo
645 1361 823 1419 concinnare
848 1368 983 1438 oporteat

148 1462 256 1522 XXIIII
281 1464 392 1543 Cupam
416 1483 475 1543 quo
499 1465 585 1525 modo
609 1464 747 1526 aedifices

36 1561 73 1634 ζ’)
147 1568 225 1629 XXV
249 1568 410 1650 'Impetum
435 1590 493 1651 quo
517 1571 604 1631 modo
629 1572 766 1632 aedifices

48 1698 64 1707 ··
101 1688 104 1692 ’
146 1675 238 1736 XXVI
261 1677 305 1736 nd
331 1677 506 1737 vlndcmiam
531 1695 605 1756 quae
630 1695 704 1755 opus
729 1684 798 1737 sunt
821 1685 855 1738 ut
878 1685 1021 1756 parentur

147 1782 251 1843 XXVII
276 1783 382 1844 Vinum
408 1802 547 1862 graecum
572 1803 630 1862 quo
654 1784 741 1844 modo
765 1785 816 1845 liat

146 1889 266 1949 XXVIII
290 1889 348 1949 Vva
372 1896 455 1950 cocta
479 1897 512 1950 ut
537 1899 672 1951 servetur
704 1918 714 1939 ν

23 2008 60 2051 r:
91 2016 94 2023 ·
145 1995 278 2056 XXVIIII
301 1995 454 2055 Vindemia
478 1996 553 2057 facta
577 2005 611 2057 ut
635 2015 702 2056 vasa
725 1996 839 2058 toccula
863 1997 1051 2076 subligentur
1166 1993 1170 1998 ’
1217 2015 1242 2054 15

8 2156 35 2167 ,
78 2127 101 2159 .-÷
144 2101 226 2161 XXX
250 2102 413 2163 Sementim
437 2110 469 2162 ul
493 2103 583 2162 iacias

36 2222 48 2249 ··
66 2252 84 2267 .-
144 2208 239 2269 XXXI
263 2209 350 2270 Olcas
374 2217 404 2270 et
427 2209 541 2289 reIIqua
565 2211 677 2270 semina
706 2229 774 2271 cum
799 2229 893 2291 seres,
922 2230 981 2290 quo
1009 2214 1096 2273 modo
1121 2233 1202 2276 seras

11 2358 13 2365 ,
143 2314 252 2375 XXXII
277 2316 399 2377 Stercus
423 2326 457 2377 ut
481 2317 593 2377 dividas
615 2326 628 2406 a

30 2424 70 2475 ..ἵ
143 2422 266 2482 XXXIII
290 2424 392 2505 Bubus
416 2424 551 2484 frondem

143 2528 278 2591 XXXIIII
301 2531 344 2591 Ad
369 2529 463 2591 oleam
487 2529 654 2619 cogendamx
673 2548 748 2608 quae
772 2548 859 2608 pares

126 2816 139 2862 1
160 2825 259 2878 parare
281 2807 324 2862 Ve
338 2808 421 2874 Vici,
440 2807 534 2876 parari
552 2806 579 2860 A
661 2813 676 2859 2
696 2806 728 2860 In
747 2806 819 2861 cella
842 2807 946 2862 olearia
964 2826 1036 2877 quae
1055 2824 1125 2880 opus
1144 2813 1201 2867 sint

52 2899 175 2967 AVe’ct.,
197 2899 229 2952 In
248 2897 320 2952 cella
341 2895 446 2951 olearia
465 2913 536 2965 quae
556 2912 624 2964 opus
644 2896 709 2949 sunt
727 2895 783 2963 Pe,
807 2911 892 2951 omo
965 2903 980 2951 3
999 2899 1105 2954 Villam
1124 2902 1199 2955 aedi-

52 2988 189 3042 ficandam
208 2987 233 3042 si
251 2985 357 3042 locabis
376 2985 458 3053 Vici,
477 2984 583 3039 Villam
602 2982 805 3038 aedificandam
824 2983 898 3040 sicut
916 2985 1023 3040 locabis
1042 2994 1073 3043 ut
1090 2990 1199 3045 uidetur·

53 3078 82 3130 P
95 3075 198 3130 Villam
214 3074 399 3130 edificandam
413 3074 437 3127 si
452 3072 588 3128 atlocabis
598 3072 626 3126 A
640 3071 744 3126 Villam
754 3071 940 3146 edificandam
950 3077 1073 3146 (reliquls
1083 3080 1197 3148 omissis)

51 3182 65 3220 c
88 3164 193 3219 Villam
212 3164 414 3219 aedificandam
434 3163 572 3232 quomodo
590 3161 671 3216 fabro
690 3161 797 3216 locabis
815 3179 831 3216 o
909 3170 924 3216 5
943 3163 1081 3233 parciario
1099 3167 1127 3220 A

52 3261 67 3308 6
90 3253 223 3310 Materies
243 3254 390 3324 (Macerias
408 3256 432 3322 c)
458 3252 526 3323 quid
549 3253 615 3307 anni
637 3252 808 3321 tempestiua
831 3253 873 3306 est
898 3254 978 3308 PAc
1000 3254 1130 3309 Materies
1149 3257 1198 3326 qui

29 3333 177 3414 ¹tempore
196 3343 263 3398 anni
281 3343 450 3412 tempestiua
468 3341 506 3396 sit
522 3359 539 3396 o
579 3394 582 3398 ,
611 3347 627 3396 9
647 3341 800 3409 Trapetum
819 3346 874 3410 quo
895 3342 1055 3397 concinnari
1069 3346 1198 3414 oporteat

50 3434 78 3488 P
92 3433 207 3504 Trapeti
226 3432 395 3487 columnella
413 3448 468 3500 quo
487 3430 525 3485 sit
538 3429 731 3485 concinnanda
745 3429 858 3484 modoe
932 3432 1098 3487 concinnare
1118 3434 1196 3501 Vter,

50 3521 210 3579 concinnari
227 3521 255 3574 A
274 3520 414 3576 concinari
433 3537 447 3574 c
519 3525 552 3573 10
568 3519 674 3589 Cupam
693 3519 833 3589 quomodo
847 3520 978 3576 aedifices
994 3522 1126 3590 AcViet,
1146 3523 1196 3577 Cu-

49 3630 115 3683 pam
137 3612 242 3680 trapeti
261 3616 315 3680 quo
340 3609 468 3664 aedifices
488 3609 516 3662 P
535 3608 633 3678 Cuppa
655 3610 758 3678 trapeti
781 3627 836 3678 quo
855 3609 985 3665 fabrefiat
1003 3612 1121 3666 modoo

50 3708 82 3754 11
103 3701 255 3770 Trapetum
278 3698 418 3768 quomodo
442 3697 571 3752 aedifices
595 3713 610 3751 c
636 3696 719 3764 Vter,
742 3715 803 3753 cunc
825 3715 937 3754 numero
955 3698 1031 3754 XXV
1054 3701 1086 3755 in
1108 3717 1194 3770 mord.

48 3791 113 3846 add.
127 3789 168 3858 A,
189 3787 333 3853 Quomodo
351 3787 431 3842 faber
449 3787 592 3857 trapetum
606 3787 801 3841 accommodet
813 3803 843 3854 e,
861 3788 911 3842 obi
926 3787 1030 3843 ‘vacat'
1047 3790 1196 3858 adserepsit

49 3879 77 3932 P
149 3883 181 3932 12
200 3877 245 3930 Ad
267 3873 439 3930 uindemiam
458 3873 656 3954 (Aduindemia
674 3876 697 3944 c)
718 3891 788 3944 quae
808 3892 876 3943 opus
896 3875 961 3929 sunt
979 3877 1011 3929 ut
1028 3878 1163 3945 parentur
1181 3893 1195 3931 e

51 3966 132 4035 Vrec,
152 3967 188 4020 ad
206 3964 379 4020 uindemiam
397 3978 468 4032 quae
483 3981 551 4032 opus
566 3962 623 4018 sint
636 3965 669 4016 ut
681 3965 814 4031 parentur
827 3964 858 4018 Ῥ
875 3965 919 4018 Ad
937 3964 1107 4019 uindemiam
1122 3982 1194 4034 quae

48 4071 117 4127 opus
136 4058 168 4110 ut
185 4054 320 4125 parentur
332 4053 360 4107 A
379 4053 456 4118 Quae
475 4052 512 4106 ad
530 4052 702 4107 uindemiam
716 4071 785 4123 opus
800 4051 907 4108 suntin
922 4055 1047 4124 tempore
1061 4055 1195 4124 parentur

46 4197 62 4234 o
122 4187 156 4235 14
174 4180 237 4234 Vua
256 4182 336 4234 cocta
353 4181 386 4232 ut
404 4179 530 4232 seruetur
545 4177 680 4244 Porio„
700 4153 744 4231 Vi
763 4180 842 4233 cocta
855 4180 888 4232 ut
905 4179 1031 4232 seruetur
1044 4179 1072 4232 A
1089 4175 1193 4253 Vinum

47 4272 156 4325 coctum
181 4287 234 4340 quo
253 4269 304 4324 fiat
321 4269 404 4323 modo
422 4285 439 4321 e
527 4271 559 4320 15
577 4265 727 4321 Vindemia
750 4268 826 4322 sacta
844 4271 877 4322 ut
894 4284 962 4322 uasa
980 4268 1089 4322 toccula
1107 4267 1191 4322 subli-

46 4362 147 4429 gentur
172 4358 304 4428 PcVe'ct.‚
331 4355 481 4413 Vindemia
504 4355 580 4411 facta
602 4357 635 4410 ut
661 4373 698 4410 ua
725 4356 834 4411 torcula
857 4356 1030 4427 subligentur
1053 4355 1081 4408 A
1110 4355 1190 4421 Quod

45 4448 187 4503 uindemia
205 4448 281 4503 facta
298 4465 367 4503 uasa
385 4446 557 4519 reponantur
575 4462 591 4499 o
687 4450 719 4499 17
740 4460 803 4499 cum
821 4446 907 4517 seres]
927 4462 1054 4501 conseres
1072 4446 1099 4500 A
