2994 5018
415 284 570 381 222222
590 326 760 381 2222222
779 326 808 381 2.
831 315 999 386 2224222
1247 322 1288 384 29

234 493 278 553 Ad
301 496 442 573 tormina,
467 501 497 554 et
520 496 546 554 si
569 494 651 553 alvus
674 512 733 553 non
758 494 913 570 consistet,
937 499 967 550 et
990 493 1016 549 si
1038 492 1152 549 taeniae
1172 496 1202 549 et
1216 488 1289 548 lum·
1309 497 1412 553 cxxvi

145 601 221 661 brici
244 600 361 661 molesti
385 609 481 660 erunt.
515 617 588 662 xxx
606 601 681 661 mala
704 603 812 679 punica
836 598 941 659 acerba
966 600 1082 676 sumito,
1107 596 1290 675 contundito‚

145 708 239 767 indito
263 709 292 766 in
318 726 440 767 urceum
468 716 498 767 et
522 710 582 767 vini
610 710 688 786 nigri
716 709 828 767 austeri
856 707 977 784 congios
991 720 1037 764 111.
1080 722 1130 762 ras
1158 701 1300 762 oblinito.¹

54 856 56 860 ,
146 822 213 892 post
236 815 299 873 dies
314 829 385 874 xxx
408 816 521 892 aperito
545 823 575 874 22
598 817 690 875 utito:
714 817 832 874 1212222
855 813 1003 872 heminam
1027 810 1173 894 bibitost

118 945 131 983 5
234 921 278 981 Ad
302 922 488 1000 dyspepsiam
512 928 542 981 et
566 923 764 1000 stranguriam
784 919 905 980 mederi.
945 918 1054 979 malum
1074 918 1216 996 punicum
1236 915 1288 975 ubi
1307 923 1423 980 CXXVII

146 1027 276 1108 llorebit,
300 1027 452 1108 conligito,
476 1030 531 1087 tris
555 1030 650 1088 minas
674 1031 705 1088 in
720 1028 890 1106 amphoram
905 1026 1065 1104 infundite,
1090 1026 1224 1096 212122
1244 1042 1289 1082 ve·

147 1136 220 1194 teris
243 1134 342 1194 addito
366 1141 396 1194 et
419 1135 541 1194 feniculi
564 1135 694 1194 radicem
718 1153 823 1212 puram
843 1142 996 1193 contusam
1012 1135 1129 1192 minam.
1168 1130 1290 1190 oblinito

147 1239 318 1317 amphoram
348 1251 377 1301 et
403 1249 472 1319 post
495 1241 558 1301 dles
577 1256 649 1301 xxx
678 1243 791 1320 aperito
820 1251 849 1300 et
878 1242 962 1300 ut'to.
1004 1239 1056 1299 ubi
1084 1238 1163 1298 voles
1191 1238 1291 1297 cibum

147 1365 333 1425 concoquere
358 1355 387 1406 et
410 1347 514 1407 lotium
538 1349 648 1429 lacere,
672 1348 741 1407 hinc
765 1347 858 1406 bibIto
883 1354 1026 1425 quantum
1040 1345 1120 1404 voles
1135 1347 1199 1404 sine
1215 1345 1290 1422 peri-

107 1479 132 1518 22
147 1453 222 1514 culo.
264 1454 342 1514 idem
366 1457 467 1514 vinum
490 1457 602 1515 taenias
626 1461 788 1533 perpurgat
812 1461 841 1513 et
864 1453 1038 1531 lumbricos,
1062 1453 1088 1510 si
1112 1453 1154 1511 212
1174 1452 1292 1509 concin-

147 1579 209 1621 nes.
246 1563 417 1621 incenatum
441 1561 542 1622 iubeto
566 1581 640 1621 esse.
676 1561 820 1640 postridie
844 1562 920 1620 turis
935 1558 1105 1619 drachmam
1120 1575 1209 1617 unam
1224 1559 1330 1615 con-2

147 1670 235 1728 terito
265 1676 295 1727 22
322 1669 379 1728 mel
408 1677 525 1730 coctum
556 1667 725 1728 drachmam
754 1686 841 1727 unam
871 1674 901 1727 et
924 1668 985 1725 viui
1008 1666 1170 1725 sextarium
1199 1665 1292 1741 origa-

147 1777 210 1836 niti.
249 1776 316 1836 dato
340 1779 449 1857 ieiuno,
474 1785 503 1836 et
526 1794 620 1854 puero
644 1793 698 1853 pro
722 1781 816 1834 aetate
840 1772 1001 1834 triobolum
1016 1781 1045 1832 22
1060 1774 1120 1832 viui
1134 1772 1291 1831 heminam.

148 1901 237 1961 supra
261 1883 349 1960 pilam
374 1884 528 1943 inscendat
552 1890 581 1942 et
605 1882 689 1942 saliat
713 1882 812 1941 decies
836 1889 866 1940 et
889 1849 1114 1974 deambuletss

108 2012 133 2051 22
236 1989 462 2080 Habitationem¹
482 1990 624 2050 delutare.
661 1999 771 2050 terram
800 2006 887 2067 quam
916 1990 1041 2047 maxime
1070 1993 1216 2061 cretosam
1247 1984 1291 2044 221
1309 1990 1439 2048 2111111111

221 2151 252 2198 12
272 2140 480 2200 Habitationem
501 2145 626 2198 debriare
646 2161 667 2198 c.
688 2147 725 2198 92

221 2313 234 2359 1
255 2307 286 2359 R.
307 2305 433 2361 CXXXV
447 2304 491 2358 Ad
508 2304 632 2359 tormina
650 2305 679 2358 22
698 2304 721 2358 21
740 2305 821 2358 albus
841 2320 897 2357 non
916 2301 1052 2356 consistet
1066 2302 1092 2353 A
1111 2300 1154 2353 Ad
1172 2298 1295 2354 tormina

149 2397 178 2449 et
196 2395 220 2448 si
237 2396 317 2449 aluus
336 2411 392 2448 non
411 2393 546 2448 consistat
570 2393 720 2459 Victorias,
752 2393 796 2445 Ad
819 2390 942 2446 tormina
967 2392 996 2444 22
1014 2391 1039 2444 21
1057 2389 1137 2444 21222
1155 2406 1211 2442 non
1231 2405 1293 2442 oon-

151 2483 231 2536 sistet
249 2484 278 2535 22
296 2484 332 2537 ad
350 2484 441 2538 tenias
456 2486 485 2538 et
499 2488 543 2552 (ac
557 2486 584 2552 2)
604 2483 754 2538 lumbricos
772 2483 818 2535 Pb
839 2481 882 2534 Ad
900 2481 1034 2535 tormina:
1054 2482 1083 2533 et
1102 2480 1125 2533 si
1145 2479 1225 2532 aluus
1240 2494 1294 2531 non

152 2571 341 2626 consistat:et
360 2574 383 2626 si
401 2575 493 2628 tineae
513 2575 542 2626 et
560 2572 690 2627 lumbrici
709 2569 823 2626 molesti
842 2571 990 2624 existento
1070 2568 1115 2621 Ad
1128 2567 1250 2623 tormina
1261 2597 1293 2606 —

151 2658 262 2714 molesti
282 2663 363 2714 erunt
376 2643 440 2729 post
457 2664 598 2716 rubricam
616 2679 666 2715 om.
685 2679 709 2728 o,
729 2663 792 2715 odd.
815 2659 907 2712 PAR
993 2658 1126 2712 consistet
1143 2657 1203 2710 AR
1214 2656 1293 2722 Vra„

153 2749 288 2803 consistat
306 2767 339 2804 ac
356 2753 469 2806 rubrica
486 2752 624 2819 principis
642 2751 770 2803 2222222222
788 2749 904 2802 retinuit
922 2747 950 2800 P
1062 2746 1154 2800 teniae
1175 2746 1203 2798 P
1219 2744 1293 2798 tenie

150 2837 184 2891 A'
205 2838 314 2893 temeb
342 2840 418 2911 222212
437 2856 451 2894 2
468 2839 574 2904 tinies
656 2838 768 2893 2XXX
786 2838 861 2891 mala
879 2837 939 2891 AR
966 2835 1083 2906 triginta
1102 2834 1176 2888 mala
1200 2834 1226 2887 V

150 2926 257 2981 422122
276 2924 493 2995 Profuturo
513 2929 599 2982 utitor
618 2945 634 2981 2

221 3022 236 3069 a
256 3016 288 3070 R.
309 3016 447 3071 CXXXVI
464 3015 507 3071 Ad
527 3017 649 3084 dispositi
669 3020 747 3085 (corr.
767 3016 811 3070 Ad
830 3015 936 3069 diarria
950 3013 1000 3082 A²)
1020 3015 1049 3068 22
1067 3015 1253 3084 stranguriam
1268 3016 1293 3068 A

151 3105 194 3158 Ad
212 3106 390 3174 dyspepsiam
411 3109 440 3160 22
458 3107 644 3176 stranguriam
656 3108 683 3159 P
701 3106 877 3175 Adispesiam
893 3106 922 3161 22
941 3106 1126 3175 stranguriam
1142 3105 1157 3158 2
1176 3103 1221 3157 Ad
1240 3104 1294 3157 dis·

150 3195 275 3262 pepsiam
295 3197 323 3248 et
341 3195 527 3263 stranguriam
545 3212 561 3249 2
651 3194 696 3247 Ad
712 3227 743 3234 —
759 3196 864 3249 mederi
879 3203 943 3264 post
960 3197 1098 3250 2222222222
1117 3210 1166 3248 orn.
1186 3212 1210 3262 2,
1230 3195 1293 3247 add.

153 3282 244 3337 PAR
317 3283 493 3352 dyspepsiam
514 3284 542 3336 P
559 3284 728 3353 dispepsiam
749 3286 764 3338 2
784 3285 926 3354 dyspsiam
945 3301 960 3338 c
978 3284 1111 3338 disuriam
1130 3282 1165 3348 A,
1184 3283 1296 3336 sedeur

151 3372 182 3426 in
200 3373 352 3427 rosaroA²
424 3378 440 3426 6
460 3372 586 3442 colligito
605 3373 657 3427 2212
676 3373 766 3428 minas
778 3375 864 3427 PAR
883 3373 1017 3442 colligito.
1047 3375 1114 3427 'I'res
1134 3372 1260 3426 heminas
1278 3390 1294 3424 2

222 3464 331 3516 ueteres
350 3479 418 3518 corr.
440 3463 477 3515 -is
492 3463 518 3515 A
592 3469 606 3515 7
625 3462 739 3517 feniculi
758 3464 827 3516 Aba
845 3463 977 3516 foeniculi
993 3463 1019 3514 V
1087 3463 1191 3516 minam
1205 3462 1295 3516 PAR

152 3550 293 3605 heminam
312 3569 395 3605 unam
413 3569 429 3606 2
520 3558 536 3605 8
555 3552 679 3621 aperitur
698 3570 765 3609 corr.
786 3554 827 3605 -to
846 3553 937 3606 eadem
955 3569 1040 3605 marra
1058 3553 1214 3605 2222212222
1232 3552 1258 3604 A

206 3640 293 3694 utitor
315 3640 404 3696 VAR
476 3648 491 3694 9
511 3658 682 3710 concoquere
702 3644 757 3697 222
777 3658 970 3711 conquoquere
989 3641 1068 3708 PAf
1134 3642 1232 3696 lotium
1258 3641 1296 3694 Vc
1331 3694 1334 3697 .

154 3726 256 3780 loeium
275 3728 323 3781 Ab
407 3738 440 3787 10
458 3730 567 3786 taenias
585 3733 706 3799 ftenias
728 3732 806 3785 PAc
824 3749 889 3788 corr.
911 3731 995 3786 tinias
1014 3732 1170 3785 arridetur
1188 3730 1237 3798 A²‚
1256 3732 1294 3784 22-

154 3832 220 3869 neas
240 3818 256 3869 2
274 3815 392 3874 tiniasc
490 3827 522 3874 11
541 3821 702 3876 incenatum
720 3822 767 3874 Ac
785 3821 946 3894 incenatum
966 3821 981 3874 2
999 3820 1177 3875 incoenatnm
1201 3819 1228 3871 V

224 3906 333 3976 iubeto]
353 3907 431 3962 iubet
449 3910 551 3977 PAbf
568 3911 648 3964 lubet
666 3927 681 3963 c
699 3909 764 3964 iube
783 3926 799 3962 2
907 3926 967 3964 2222
986 3916 1054 3978 una,
1073 3909 1119 3963 sed
1137 3909 1221 3962 2121222
1240 3914 1295 3961 nna

152 3997 379 4050 2222222212222
397 3997 425 4051 A
501 3998 571 4053 turis
591 4017 604 4053 c
622 3999 713 4054 thuris
737 3999 814 4052 VAb
894 3998 1036 4053 dracmam
1055 4015 1139 4052 unam
1158 3998 1294 4052 conterito

152 4087 179 4137 A
199 4086 345 4155 dragmam
364 4104 448 4140 unam
466 4089 603 4144 conterito
619 4091 653 4144 22
673 4089 834 4142 drachmam
853 4087 865 4140 Ι
884 4087 1021 4142 conterito
1036 4087 1115 4154 Vici,
1134 4086 1295 4142 drachmam

153 4175 289 4230 conterito
305 4175 331 4229 V
402 4183 433 4231 12
452 4178 614 4232 drachmam
633 4179 766 4231 unam-et
783 4175 843 4229 uini
860 4175 887 4229 V
902 4176 1063 4230 drachmam
1081 4191 1166 4228 unam
1185 4175 1214 4228 et
1227 4174 1294 4228 uim'1

154 4266 232 4329 (corr.
253 4265 305 4334 -ni)
325 4266 351 4318 A
371 4268 517 4338 dragmam
536 4283 619 4320 unam
639 4270 667 4319 et
687 4265 744 4319 uini
763 4267 799 4320 22
900 4266 1015 4332 fortasse
1033 4264 1185 4318 sextarium
1204 4262 1294 4331 origa-

153 4352 205 4406 niti
224 4353 330 4420 addito,
349 4357 415 4409 dato
434 4355 528 4409 ieiuno
601 4361 634 4408 13
653 4355 795 4408 heminam
820 4355 884 4409 Vbc
902 4355 1024 4408 eminam
1042 4353 1069 4406 A

226 4448 240 4494 1
261 4441 293 4495 a.
314 4441 464 4496 CXXXVII
483 4443 692 4498 Habitationem
711 4442 924 4497 delatareAVb
988 4441 1197 4498 Habitationem
1217 4441 1295 4496 delu-
