2994 5018
475 339 523 393 DE
542 338 632 394 AGRI
651 338 822 395 OVLTVRA
841 340 869 394 0.
890 341 929 398 39
940 340 1016 399 -41
1271 339 1314 402 AI

170 504 222 565 ubi
236 504 266 564 id
282 504 398 583 leceris
418 506 571 567 surculum
595 516 785 588 praeacutum
810 509 890 567 inter
913 507 1021 568 librum
1036 515 1066 567 et
1086 509 1208 586 stirpem
1228 508 1324 568 artito.
1341 511 1359 568 3

168 613 309 690 primoris
332 612 441 690 digitos
464 629 500 674 11.
526 623 639 694 'postea
662 617 760 695 capito
785 614 840 675 tibi
863 614 1026 693 surculum,
1050 614 1129 692 quod
1153 632 1246 692 genus
1269 615 1312 672 in-

148 718 153 725 '
169 736 269 778 serere
293 737 329 778 vo
342 737 387 799 m,
411 737 479 779 eum
494 723 655 798 primorem
671 723 840 800 praeaouito
857 720 986 781 oblicum
1001 722 1142 798 prImoris
1157 720 1264 798 digitos
1279 733 1313 779 Π.

168 825 322 886 surculum
350 825 480 906 aridum,
510 845 598 905 quem
625 831 778 909 amiseris,
807 831 941 908 eximito,
970 846 1005 888 eo
1034 828 1122 887 artito
1151 825 1313 904 surculum,

116 970 119 978 ·
141 945 255 1009 aquom
276 934 409 993 inserere
428 953 446 992 v
466 932 518 992 les,
556 933 664 995 librum
679 936 715 994 ad
735 935 845 996 librum
859 953 979 995 vorsum
994 935 1313 1027 lmQrtbousque

167 1039 249 1118 adeo,
274 1059 332 1118 quo
355 1043 552 1120 praeacueris.
590 1043 666 1103 idem
687 1042 812 1104 alterum
833 1043 996 1121 surculum,
1020 1043 1151 1121 tertium,
1175 1047 1313 1119 quartum

168 1146 269 1206 laoito:
298 1155 371 1225 quot
398 1165 507 1224 genera
535 1148 629 1227 voles,
659 1158 702 1210 tot
731 1151 833 1210 indito.
876 1150 995 1211 salioem
1024 1167 1159 1227 graecam
1187 1145 1312 1224 amplius
1336 1151 1355 1206 4

168 1253 384 1333 circumligato,
403 1253 466 1313 luto
485 1254 590 1333 depsto
609 1255 1231 1358 stimamnrtlmmmmw.
1269 1236 1312 1311 inss

168 1378 259 1438 super
282 1360 381 1438 lingua
405 1359 515 1421 bubula
539 1361 683 1443 obtegito,
712 1365 738 1422 si
760 1362 857 1442 pluat,
885 1381 923 1422 ne
947 1380 1021 1440 aqua
1049 1362 1080 1419 in
1109 1358 1218 1419 librum
1246 1377 1311 1437 per-

127 1487 153 1524 10
168 1474 274 1526 manet.
313 1486 376 1528 eam
407 1468 537 1548 linguam
562 1468 688 1548 'insuper
716 1469 826 1528 librum
849 1468 979 1547 alligato,
1010 1485 1047 1526 ne
1076 1465 1168 1544 eadat.
1188 1473 1311 1544 -postea

168 1575 339 1633 stramentis
364 1576 546 1637 circumdato
570 1576 761 1656 alligatoque,
785 1594 822 1635 ne
845 1575 929 1654 gelus
953 1566 1132 1676 noceats

165 1737 167 1741 ,
254 1678 328 1738 Vitis
352 1682 453 1741 insitio
477 1700 534 1742 una
558 1691 603 1744 est
626 1702 680 1762 per
704 1702 768 1762 ver,
797 1682 888 1743 altera
912 1689 958 1741 est
982 1699 1049 1741 cum
1067 1644 1129 1739 Ara
1152 1677 1251 1758 floret,
1276 1697 1309 1738 ea
1328 1680 1386 1736 xm

167 1793 286 1863 optuma
311 1794 364 1848 est.
401 1790 536 1866 pirorum
559 1809 593 1850 ac
617 1791 760 1851 malorum
785 1792 885 1849 iusitio
905 1807 959 1867 per
974 1806 1024 1847 ver
1039 1795 1069 1846 et
1082 1805 1136 1865 per
1151 1785 1310 1846 solstitium

166 1892 229 1952 dies
252 1909 274 1953 L
303 1903 333 1955 et
360 1913 414 1974 per
443 1896 627 1957 vlndemiam.
668 1897 748 1957 oleae
778 1904 808 1956 et
831 1896 957 1956 lloorum
980 1896 1080 1954 insitio
1104 1901 1150 1952 est
1172 1911 1227 1971 per
1250 1911 1309 1951 ver.

120 2014 151 2054 -15
165 2002 255 2060 vitem
275 2004 318 2062 sic
333 2005 471 2062 inserite:
494 2002 656 2080 praecidito
681 2022 767 2081 quam
788 2006 912 2080 inseres,
936 2021 999 2062 eam
1018 2001 1144 2060 mediam
1163 1999 1310 2058 diffindito
1335 2003 1352 2058 2

165 2125 219 2186 per
246 2108 418 2168 medullam:
447 2127 481 2167 eo
506 2107 642 2167 surculos
666 2118 841 2186 praeacutos
865 2111 966 2169 artito:
994 2126 1070 2187 quos
1093 2108 1222 2184 inseres,
1250 2123 1309 2164 me·

165 2213 274 2273 dullam
303 2233 370 2274 eum
395 2213 521 2274 medulla
545 2216 712 2291 conponito.
754 2214 845 2275 altera
868 2217 969 2274 insitio
993 2222 1052 2274 est:
1079 2215 1104 2272 si
1127 2214 1196 2271 vitis
1219 2214 1308 2271 vitem

165 2322 326 2399 continget,
349 2322 507 2398 utriusque
531 2322 621 2378 vitem
644 2327 774 2380 teneram
794 2323 973 2400 praeaouito‚
997 2320 1117 2398 obliquo
1141 2321 1219 2378 inter
1244 2337 1308 2377 sese

165 2426 323 2486 medullam
346 2446 414 2487 oum
437 2425 564 2486 medulla
588 2425 664 2485 libro
684 2426 838 2504 conligato.
881 2429 967 2486 tertia
986 2428 1087 2487 insitio
1109 2433 1167 2485 est:
1191 2424 1309 2485 terebra
1334 2431 1352 2486 3

166 2567 378 2574 --—.-.-—

236 2639 249 2685 1
290 2633 361 2689 Vitis
380 2633 474 2688 insitio
494 2634 568 2689 Ptin
589 2639 638 2699 17,
656 2638 774 2703 112sqq.

235 2853 250 2900 2
270 2848 369 2916 postea
388 2877 421 2886 -
441 2846 545 2917 digitos
564 2847 591 2901 II
609 2849 641 2902 ln
658 2863 744 2916 marg.
764 2847 804 2917 A,
823 2864 872 2902 om.
893 2848 909 2900 b
994 2855 1010 2901 3
1029 2847 1191 2917 praemonito
1210 2863 1226 2900 a
1245 2863 1307 2916 pro-

124 3003 127 3009 ·
163 2938 256 2990 souiio
277 2936 359 2990 PAo
437 2936 603 2991 Aartiueris
622 2936 682 2990 AR
700 2937 819 2990 arbustis
840 2936 1025 3014 Raouariso
1098 2934 1308 3004 dproeaoueris

169 3024 224 3077 VR
242 3025 369 3092 pacuoris
387 3023 415 3076 A
494 3024 612 3101 tercium
632 3028 732 3094 quarto
751 3024 779 3077 A
869 3031 883 3079 7
904 3027 973 3094 quoi
991 3041 1092 3093 genera
1113 3026 1149 3078 bo
1169 3025 1244 3093 quod
1262 3041 1308 3092 ge·

85 3160 87 3165 ,
162 3130 231 3167 nera
250 3113 329 3167 PAe
395 3114 597 3182 8oireuligato
616 3117 643 3167 A
712 3116 772 3169 luto
791 3116 823 3169 in
840 3132 925 3183 maro.
945 3115 972 3171 A
1039 3113 1138 3184 depsto
1162 3114 1308 3177 Victorius,

164 3201 292 3270 dempsto
314 3201 362 3268 Pf
376 3202 507 3271 displosio
526 3203 553 3255 A
572 3204 703 3273 depresto
721 3204 737 3256 b
756 3206 870 3273 dempto
889 3220 903 3258 c
922 3204 1072 3257 densatos
1146 3209 1161 3256 9
1180 3219 1215 3257 ne
1235 3218 1309 3270 aqua

162 3289 192 3342 in
212 3289 328 3356 Vosne
348 3307 449 3359 aquam
468 3291 496 3345 in
512 3294 538 3345 A
558 3310 592 3346 ne
612 3299 686 3361 aqua,
703 3308 738 3344 ne
758 3309 772 3343 e
845 3298 878 3344 10
895 3292 999 3345 librum
1013 3293 1164 3359 posteriore
1182 3292 1238 3345 loeo
1257 3307 1306 3345 om.

164 3379 192 3432 b:
211 3379 284 3433 libro
303 3378 421 3448 alligato
437 3378 591 3433 Pontedera
605 3397 635 3449 p.
652 3384 688 3434 53
762 3385 793 3432 11
813 3380 892 3448 gelus
909 3378 1000 3432 PAR
1018 3385 1043 3433 et
1061 3380 1163 3434 codices
1183 3379 1307 3445 Victorii,

163 3467 262 3535 gelus
720 3515 722 3519 .
1116 3526 1119 3532 ,

235 3562 268 3610 12
287 3556 319 3610 R.
339 3555 453 3610 XLVIII
472 3556 546 3611 Vitis
565 3556 660 3612 insilio
679 3556 855 3624 allatumque
873 3573 966 3609 rerum
984 3555 1012 3607 A
1036 3555 1133 3609 Insitio
1152 3556 1219 3610 uitis
1238 3555 1306 3610 alla-

104 3663 119 3688 ·
163 3662 280 3712 rumque
300 3661 391 3699 rerum
407 3645 453 3699 Pb
473 3644 544 3699 Vitis
563 3645 659 3699 insitio
679 3647 709 3700 eb
726 3645 851 3715 pirorum
870 3646 900 3699 et
917 3643 1055 3698 malorum
1071 3644 1147 3712 quali
1161 3645 1243 3699 modo
1258 3645 1307 3698 flat

162 3749 178 3784 o
253 3739 285 3785 13
305 3734 420 3801 optuma
440 3734 497 3787 PA
525 3734 633 3803 optima
651 3734 698 3788 Ro
789 3733 925 3804 pirorum]
949 3733 1033 3786 inseri
1057 3735 1151 3787 autam
1168 3733 1307 3803 praecipit

162 3822 224 3890 pira
249 3836 282 3874 ao
306 3821 381 3875 mala
403 3839 453 3891 per
471 3838 520 3876 ver
539 3825 568 3876 et
591 3825 656 3891 post
675 3823 827 3877 solstitium
852 3823 949 3877 diebus
967 3821 989 3873 L
1008 3824 1037 3875 et
1054 3823 1119 3890 post
1136 3822 1306 3875 vindemIam

164 3910 415 3976 Pla'ne'us17,112
505 3910 629 3979 pirorum
649 3913 835 3966 aemulorum
856 3911 916 3964 AR
927 3911 1006 3977 Vico,
1029 3911 1152 3980 pirorum
1171 3912 1200 3963 et
1218 3910 1306 3963 malo-

162 4017 223 4051 rum
248 3998 273 4051 V
363 4003 478 4052 rreum
501 3998 624 4052 medulla
648 4000 808 4069 componito
832 3999 888 4052 VR
916 4015 977 4054 oum
1002 3998 1155 4053 medullam
1173 3995 1305 4067 siponito

162 4087 189 4140 A
261 4088 284 4141 si
303 4086 382 4158 vilis]
403 4085 426 4140 si
445 4086 519 4140 inter
538 4086 657 4141 sorites
677 4088 850 4157 contingant,
868 4087 1014 4159 utriusque
1033 4088 1062 4142 iu
1077 4088 1199 4142 oblicum
1217 4087 1305 4141 latere

162 4175 300 4230 contrado
325 4175 424 4229 adraso
448 4174 550 4230 iunctis
574 4174 705 4230 medullis
725 4175 861 4246 conligari
886 4176 1001 4231 Pilutus
1093 4182 1124 4229 18
1143 4174 1304 4244 praeaouilo

168 4264 320 4332 Victorius,
349 4264 492 4334 proaouito
515 4262 607 4316 PAR
638 4267 827 4333 praesentor
899 4265 1014 4334 obliquo
1034 4264 1125 4318 PAR
1158 4263 1304 4330 obliquet>
1334 4333 1337 4340 Ι

235 4361 266 4408 19
287 4353 430 4407 medulam
448 4353 475 4406 A
548 4369 610 4406 oum
629 4352 754 4407 medulla
772 4370 904 4422 suprascr.
924 4354 951 4406 A
1023 4352 1165 4422 conligato
1179 4351 1206 4403 A
1226 4349 1304 4404 oolli-

161 4444 227 4512 gnto
251 4443 317 4497 Vbo
388 4441 476 4505 beroia
494 4443 520 4495 A
