2994 5018
452 303 499 357 DE
520 301 608 357 AGRI
626 302 797 359 CVLTVRA
816 303 844 359 C.
865 305 994 364 54460
1248 306 1290 370 55

147 470 210 529 dies
234 469 367 529 heminas
391 477 503 550 ternas,
527 471 556 530 id
581 474 680 532 estio
699 489 799 533 mense
823 471 1006 550 amphoram:
1029 472 1085 532 hoc
1100 472 1225 551 amplius
1242 473 1291 534 Sa-

147 575 314 638 turnalibus
334 585 363 637 et
378 575 581 655 Conpitalibus
601 581 630 638 in
647 579 779 657 singulos
793 579 928 639 homines
944 581 1078 658 congios:
1102 591 1216 640 summu¹
1231 583 1291 640 vlni

146 687 177 744 in
201 684 336 744 homines
356 684 488 762 singulos
507 687 585 745 inter
600 704 709 746 annum
725 701 756 759 Q.
771 701 842 747 vul.
880 688 1054 767 conpeditis‚
1079 689 1123 746 uti
1146 688 1290 766 quidquid

148 794 247 870 operis
271 792 388 871 sacient,
412 793 626 870 proportione
650 792 762 853 addito:
787 811 837 852 eos
860 812 919 852 non
944 801 990 855 est
1009 795 1132 854 nlmium
1153 795 1183 854 in
1198 813 1291 855 annos

60 886 68 899 ¹
105 909 119 949 5
147 899 279 978 singulos
303 901 365 959 vini
383 914 412 973 q.
432 913 455 958 x
478 897 607 959 ebibere.

235 1005 468 1065 Pulmentarium
493 1005 627 1066 familiae.
670 1006 750 1067 oleae
774 1007 902 1067 caducae
927 1025 1014 1086 quam
1038 1007 1199 1085 plurimum
1223 1028 1291 1070 con·
1311 1018 1394 1075 LVIII

148 1113 217 1173 clito.
255 1121 358 1191 postea
381 1113 460 1173 oleas
484 1116 687 1195 tempestivas,
717 1115 795 1174 unde
825 1116 979 1174 minImum
1004 1115 1061 1175 olei
1085 1117 1149 1175 lieri
1173 1119 1291 1226 poppit,

147 1238 197 1280 eas
228 1220 360 1301 condito,
389 1223 516 1301 parcito,
539 1222 585 1282 uti
609 1240 697 1300 quam
721 1223 886 1282 diutissime
911 1222 1026 1282 durent.
1065 1221 1116 1283 ubi
1140 1223 1220 1284 oleae
1244 1243 1291 1284 co·

147 1345 245 1386 mesae
265 1335 365 1407 erunt,
389 1326 531 1388 ballecem
546 1336 576 1390 et
590 1335 707 1388 acetum
726 1329 802 1389 dato.
844 1329 941 1388 oleum
957 1330 1024 1389 dato
1044 1332 1074 1390 in
1099 1348 1216 1390 menses
1240 1334 1292 1392 uni

108 1450 133 1489 1o
148 1437 256 1514 cuique
276 1449 301 1497 s.
321 1450 342 1495 1.
393 1435 462 1495 salis
486 1438 539 1496 uni
562 1438 670 1515 cuique
694 1438 725 1496 ln
748 1455 825 1497 anno
849 1438 980 1497 modium
1004 1441 1076 1498 satis
1100 1446 1153 1498 est.

235 1542 415 1603 Vestimenta
443 1543 577 1604 lamiIiae.
615 1546 746 1604 tunicam
763 1560 792 1604 P.
811 1560 851 1605 111
871 1558 900 1624 S,
934 1564 1002 1624 saga
1034 1546 1155 1606 alternis
1189 1547 1287 1607 annis:
1306 1554 1403 1612 LVIIIl

147 1653 284 1730 quotiens
309 1652 416 1729 cuique
441 1654 571 1712 tunicam
595 1660 646 1712 aut
670 1670 772 1730 sagum
796 1652 888 1734 dabis,
912 1655 996 1731 prius
1011 1661 1141 1714 veterem
1156 1654 1291 1734 accipito,

147 1757 225 1818 unde
245 1766 386 1819 centones
411 1759 495 1819 fiant:
519 1758 694 1837 sculponeas
718 1758 809 1818 bonas
833 1759 955 1820 alternis
970 1762 1055 1819 annis
1074 1762 1144 1820 dare
1164 1778 1201 1837 op
1222 1767 1291 1826 rtet.

234 1865 336 1925 Bubus
360 1865 470 1925 cibaria
499 1884 594 1925 annua
622 1866 652 1924 in
681 1867 749 1943 iuga
773 1865 887 1944 singula
911 1865 1006 1944 lupini
1035 1867 1147 1926 modios
1172 1779 1291 1927 &lum
1311 1884 1356 1940 px

107 1982 132 2023 15
147 1973 249 2052 vIginti
274 1979 325 2032 aut
347 1972 462 2051 glandis
485 1973 599 2032 modios
615 1986 716 2053 CCXL,
741 1973 818 2032 lacni
840 1973 938 2050 pondo
962 1988 1071 2053 mxxi,
1095 1975 1186 2054 ocini,
1210 1972 1292 2034 labae

145 2093 180 2178 Ii.
200 2131 261 2197 xx,
280 2118 372 2177 viciae
391 2094 425 2175 ol.
441 2131 519 2175 xxx.
561 2123 714 2193 praeterea
738 2117 874 2193 granatui
899 2116 994 2175 videto
1029 2118 1072 2175 uti
1100 2118 1171 2175 satis
1200 2118 1291 2177 viciae

148 2243 238 2284 seras.
275 2223 416 2302 pabulum
441 2241 508 2282 cum
529 2240 620 2303 seres
643 2221 751 2282 multas
774 2223 904 2282 sationes
928 2223 1024 2283 lacito.

222 2509 234 2555 1
254 2501 285 2556 id
304 2503 346 2556 est
365 2503 528 2572 amphoram
552 2501 608 2554 VR
636 2501 665 2554 id
685 2502 728 2555 est
745 2501 898 2570 anphoram
918 2503 944 2554 A
970 2501 1000 2555 id
1019 2503 1061 2556 est
1079 2502 1244 2570 amphoram
1262 2504 1292 2557 iu

146 2607 241 2646 mense
259 2591 406 2646 Iucundos
478 2597 493 2644 2
513 2588 711 2660 compitalibus
731 2589 820 2642 VAR
892 2589 999 2644 omines
1018 2592 1181 2661 congios-
1197 2591 1290 2662 singu·

146 2683 188 2736 los
207 2683 239 2737 tn
256 2698 341 2750 uturp.
357 2681 384 2734 A
450 2685 473 2752 Δ3
491 2681 521 2734 in
540 2679 680 2751 h'omines]
700 2679 729 2733 in
748 2675 902 2733 nomineA
976 2679 1007 2744 Q.
1022 2679 1099 2752 VIII]
1120 2696 1183 2733 cum
1202 2680 1291 2735 VAIt

146 2771 343 2840 quadrantalia
360 2771 426 2826 VIII
445 2767 592 2824 Iucundos
692 2767 858 2839 compeditis
882 2769 971 2822 VAR
1075 2768 1211 2838 quidquid
1232 2769 1289 2823 ΡΑ

146 2860 277 2930 quicquid
297 2861 345 2916 no
418 2866 435 2913 4
452 2876 502 2929 pro
522 2858 662 2931 portione]
686 2859 740 2912 Pro
758 2857 886 2927 portione
906 2860 937 2912 io
955 2859 1245 2928 marpineudscripsIt
1264 2859 1292 2911 P

217 2957 232 3005 5
256 2951 315 3005 uini
343 2969 368 3019 q.
392 2949 497 3003 XAR
524 2947 584 3002 uini
609 2967 635 3017 q.
660 2948 685 3001 X
713 2953 738 3002 et
760 2949 792 3002 c'n
817 2941 940 3016 mospius
959 2949 1003 3003 al'.
1042 2948 1245 3014 Quadrantalia
1266 2948 1293 3000 P

146 3041 205 3094 uini
224 3039 292 3095 IIII.
311 3040 372 3094 Xo
769 3056 774 3064 ·

219 3135 234 3183 6
254 3130 285 3183 a.
304 3129 408 3183 LXVII
426 3127 646 3182 Pulmentarium
664 3127 788 3182 familiae
807 3129 942 3196 quantum
961 3127 1042 3181 detur
1060 3126 1087 3179 A
1098 3127 1157 3180 Vb·
1215 3127 1291 3202 oleas

146 3236 196 3274 ont.
216 3218 252 3285 A,
271 3219 334 3274 aad.
359 3218 416 3272 VR
484 3224 500 3272 8
520 3233 646 3272 comesse
665 3217 693 3271 R
712 3234 863 3271 commesse
882 3217 909 3270 A
929 3222 1056 3270 comesse
1081 3216 1107 3269 V
1168 3222 1183 3269 e
1203 3216 1291 3269 halle-

147 3325 207 3364 cem
225 3307 304 3363 PAc
327 3307 444 3362 allecem
464 3309 479 3362 b
498 3307 660 3362 halecemo
750 3304 900 3374 unicuique
920 3304 974 3360 ,Su
995 3306 1007 3358 I
1024 3306 1117 3373 patore
1135 3306 1192 3360 Ioco
1213 3304 1291 3358 PAc

145 3397 295 3467 unicuique
315 3397 341 3452 S.
363 3399 374 3451 I
394 3399 431 3452 bo

219 3493 250 3540 11
270 3487 302 3540 R.
322 3485 438 3541 LXVIII
457 3484 633 3540 Vestimenta
651 3483 778 3538 familiae
796 3484 824 3537 A
835 3483 881 3538 Vo
962 3482 1150 3553 Vestimenta]
1169 3483 1201 3536 ia
1219 3500 1290 3536 mur·

90 3650 95 3659 ,
145 3579 208 3646 plne
236 3575 294 3631 al's.
318 3574 526 3642 Quadrantalia
551 3576 584 3641 P,
613 3575 659 3628 sed
686 3575 770 3629 deleto
792 3575 871 3643 stunc
893 3573 965 3642 quod
988 3574 1025 3628 art
1043 3572 1220 3626 Vestimenta
1242 3573 1290 3627 uct-

141 3671 272 3733 posuerat
346 3671 378 3718 12
398 3664 526 3734 quotiens
545 3663 644 3731 cuique
661 3664 729 3730 Pcf
746 3661 966 3731 quotienscuque
985 3663 1033 3717 Ab
1053 3662 1291 3731 quotienscunque

123 3772 162 3825 ‚u
277 3761 308 3808 13
328 3753 492 3822 sculponeas
511 3753 668 3819 Iucundos,
692 3751 849 3822 sculponias
875 3751 965 3805 VAR
1073 3750 1152 3806 annis
1180 3768 1231 3807 oua.
1255 3752 1290 3818 A,
1341 3812 1345 3818 ¹

147 3843 302 3987 αΜΙῘΞὲ.
322 3931 451 3986 LXVIIII
474 3933 569 3986 Bubus
588 3931 694 3986 cibaria
711 3931 794 3986 AVb
903 3935 936 3983 15
956 3929 1031 3983 foeni
1053 3929 1147 3998 pondo
1166 3929 1192 3997 I,
1216 3928 1289 3996 xxi,

147 4022 220 4078 ocini
246 4023 273 4076 P
297 4021 355 4076 feni
382 4021 475 4088 pondo
500 4020 610 4090 LVXXI
633 4019 707 4074 ocini
726 4020 753 4074 A
781 4019 839 4093 fpni
862 4019 954 4088 pondo
974 4018 1048 4071 Lxx
1072 4015 1147 4072 ocini
1171 4018 1186 4071 b
1214 4015 1289 4071 foeni

146 4112 239 4182 pondo
258 4109 360 4163 LIXXI
380 4107 485 4162 ocinic
509 4107 584 4162 foeni
603 4109 696 4177 pondo
715 4108 804 4161 Lxxt
823 4107 948 4177 ocymio
976 4107 1051 4161 foeni
1070 4107 1162 4176 pondo
1182 4105 1288 4161 onxo

74 4229 79 4238 ·
147 4200 220 4256 ocini
241 4200 391 4266 Victorius,
410 4197 487 4251 foeni
505 4197 598 4266 pondo
617 4198 704 4251 LXXI
725 4198 817 4268 ocymi
835 4199 953 4253 totidem
972 4198 1118 4252 lassandus
1208 4197 1289 4252 fabae

146 4302 182 4385 ii.
203 4329 262 4382 xx.
283 4326 372 4382 uictae
391 4300 514 4382 bxxx.
536 4323 629 4379 rna
648 4323 728 4378 fabae
747 4323 855 4378 monos
874 4325 925 4378 xx
944 4323 1033 4378 uictae
1052 4322 1160 4377 mouns
1178 4322 1255 4375 xxx
1274 4294 1298 4376 o'

219 4424 252 4472 16
270 4418 372 4490 niciae]
391 4417 460 4472 uitia
476 4419 624 4487 posteriore
643 4417 699 4487 Ioco
717 4413 744 4466 A
1062 4434 1064 4439 ⁴
