2994 5018
222 329 264 391 92
714 327 867 384 CATONIS

222 499 331 576 ceriut,
356 515 457 556 omues
482 498 598 555 iurante
623 505 673 555 aut
698 495 732 554 ad
758 494 909 554 deuduum
933 505 983 555 aut
1007 496 1042 555 ad
1063 497 1216 556 custodem
1241 515 1306 556 sese
1330 497 1367 557 de

223 604 313 663 timde
336 603 367 663 t.
387 602 475 662 Mardi
499 621 595 681 ucque
616 602 704 662 alium
721 620 899 680 quemquam
915 621 968 662 sue
984 602 1050 662 (1616
1066 603 1141 662 maie
1157 604 1254 663 eleum
1270 622 1368 683 neque

184 714 202 770 3
223 710 317 769 oleam
341 710 535 788 subripuisse.
574 711 625 789 qui
649 727 753 769 eerum
776 727 835 768 uon
859 711 899 768 ita
922 711 1080 788 iuraverit,
1110 729 1185 788 quae
1209 712 1273 770 eius
1297 729 1367 788 pars

221 818 291 896 erit,
315 834 402 877 emue
426 818 591 878 deducetur
614 835 711 895 neque
740 815 906 876 debebitur.
950 818 1064 876 seclum
1093 836 1221 896 nequem
1249 816 1368 896 habete,

222 925 279 983 uisi
303 942 391 1001 quem
415 924 552 986 deminus
575 926 698 985 iusserit
722 932 773 984 aut
796 930 905 983 eustes.
944 923 1042 1003 siquid
1063 926 1260 1003 redemptoris
1274 944 1394 1003 operas

222 1031 340 1090 domiue
365 1031 464 1091 damni
483 1032 583 1091 datum
603 1033 675 1112 erit,
701 1032 755 1090 riri
776 1029 844 1089 beui
860 1030 1005 1090 arbitratu
1020 1030 1194 1092 deducetur.
1232 1033 1257 1091 si
1272 1032 1368 1091 viride

222 1137 319 1196 eieum
343 1157 417 1216 epus
442 1141 513 1219 siet,
538 1139 633 1198 tacite.
671 1138 792 1198 accedet
816 1137 913 1197 eleum
938 1146 968 1197 et
991 1137 1050 1197 saie
1075 1157 1145 1199 suae
1171 1140 1267 1198 usieui
1287 1138 1367 1217 qued

223 1246 293 1304 satis
318 1247 388 1324 siet,
413 1247 558 1305 rasarium
583 1247 649 1304 vict.
669 1259 704 1304 11.

102 1350 203 1408 t'Xth
311 1351 411 1411 Oleum
435 1351 614 1430 pendentem
638 1351 692 1411 hac
715 1351 780 1429 iege
804 1353 905 1411 venire
929 1360 1054 1429 eportet.
1092 1351 1154 1412 elea
1179 1334 1312 1430 pendeus
1336 1355 1368 1412 iu

221 1457 311 1518 i'uude
336 1457 460 1517 Veuatie
485 1457 605 1518 venibit.
650 1460 701 1537 qui
725 1458 818 1517 eieam
848 1461 966 1538 emerit,
996 1458 1121 1537 amplius
1151 1477 1238 1537 quam
1262 1461 1410 1536 quantiae

221 1565 326 1623 emerit.
355 1567 451 1624 erupis
479 1566 622 1643 pecuniae
652 1566 814 1625 centesima
843 1565 976 1646 accedet,
1004 1569 1195 1644 praecepium
1225 1585 1368 1644 praeseus

221 1719 265 1767 SS.
287 1721 308 1765 L
328 1715 357 1766 et
386 1707 443 1766 6161
472 1709 614 1766 romarici
633 1725 660 1768 P.
681 1727 720 1767 00
736 1723 773 1789 D,
797 1708 1023 1788 6111116666,
1047 1708 1128 1768 eleae
1152 1709 1280 1770 caducae
1295 1680 1321 1770 11
1337 1725 1368 1791 L,

222 1851 372 1909 strictirae
391 1821 417 1908 11
432 1865 468 1928 x,
493 1849 590 1909 medie
616 1849 725 1910 elearie
749 1869 885 1910 mensum
909 1849 990 1930 date,
1020 1853 1160 1928 unguinis
1184 1867 1213 1912 P.
1232 1868 1267 1932 x,
1293 1871 1368 1930 peu-

181 1955 199 2008 2
220 1956 650 2035 (1661161666)(111666616611111
669 1956 737 2016 date
757 1954 780 2035 †
800 1959 837 2017 iri
860 1959 907 2036 pri
927 1958 1038 2034 primae
1059 1957 1172 2018 cotulas
1196 1958 1277 2020 (1((66.
1302 1960 1368 2021 dies

219 2073 342 2141 argente
367 2083 403 2124 ex
427 2063 460 2124 11.
479 2063 550 2125 Nev.
574 2082 711 2124 mensum
734 2079 756 2122 x
781 2063 861 2123 eleae
885 2063 1026 2141 legendae
1050 2065 1201 2126 faciendae
1226 2086 1300 2145 quae
1325 2067 1367 2128 le·
1383 2079 1409 2119 15

219 2180 282 2231 cata
307 2180 365 2251 est,
390 2180 420 2231 et
443 2174 468 2231 si
488 2180 603 2251 emptor
618 2172 734 2249 ieearit,
759 2170 858 2230 idibus
874 2169 987 2230 selvite.
1025 2179 1107 2232 recte
1121 2172 1194 2232 haec
1209 2173 1272 2233 dari
1288 2175 1368 2235 deri·
1433 2240 1439 2248 ‚

219 2297 276 2357 que
306 2280 437 2357 satisque
466 2277 530 2337 dari
558 2279 690 2359 demine,
720 2285 770 2337 aut
798 2278 848 2337 661
876 2278 1010 2354 iusserit,
1039 2280 1204 2356 promittite
1233 2281 1368 2366 satisque

220 2384 288 2444 (1616
312 2383 457 2445 arbitratu
481 2385 600 2444 demini.
638 2385 778 2445 denieum
802 2383 932 2443 solutum
957 2385 1014 2444 erit
1037 2392 1088 2444 aut
1111 2386 1151 2444 ita
1176 2386 1367 2448 satisdatum

219 2493 289 2571 erit,
313 2509 388 2570 quae
412 2493 442 2551 iu
466 2491 557 2552 suude
581 2491 671 2552 iulata
691 2500 794 2570 eruut,
818 2492 934 2569 pigueri
949 2499 1046 2551 66616.
1084 2491 1193 2570 uequid
1210 2511 1313 2553 eurum
1329 2495 1367 2554 de

181 2597 310 2658 316616
336 2599 498 2676 deportate.
540 2598 638 2677 siquid
662 2598 875 2677 deportaverit,
899 2597 1011 2658 demini
1034 2607 1106 2658 este.
1150 2618 1217 2658 vasa
1241 2600 1366 2682 tercula,
1381 2612 1408 2650 ²0

219 2708 319 2786 16666,
348 2706 456 2786 666166,
489 2714 633 2787 trapetas,
667 2705 765 2784 siquid
796 2714 826 2764 61
854 2705 926 2764 61161
955 2705 1055 2766 datum
1084 2708 1153 2786 erit,
1182 2705 1260 2766 66166
1283 2718 1367 2768 reete

219 2813 349 2895 reddite,
373 2815 431 2873 uisi
455 2831 529 2892 quae
555 2821 700 2872 vetustate
724 2813 816 2872 fracta
841 2819 937 2872 eruut.
975 2813 998 2870 si
1020 2830 1078 2871 ueu
1098 2811 1216 2893 reddet,
1240 2832 1367 2892 aequem

307 3063 323 3110 ‘A
343 3054 452 3110 manilii
473 3055 565 3109 PAR
588 3052 688 3108 Manlii
705 3072 722 3110 e
812 3061 828 3108 3
848 3052 1019 3123 subripuisse
1039 3054 1107 3120 Aet'
1128 3055 1294 3124 surripuisse
1319 3056 1366 3111 Ve

271 3151 288 3199 t
308 3144 411 3199 setium
430 3145 456 3198 A
530 3151 545 3198 6
566 3143 654 3198 uiride
675 3142 801 3199 6166616
824 3143 903 3197 uirde
923 3144 1015 3197 eleum
1035 3144 1061 3196 A
1080 3143 1187 3197 uirdem
1207 3144 1300 3198 eleum
1321 3146 1371 3213 Pr

218 3286 295 3341 uirde
314 3287 344 3341 iu
363 3288 456 3342 eleum
475 3304 489 3342 c
508 3234 616 3341 uiridem
636 3288 651 3340 1
758 3293 773 3341 t
793 3286 899 3340 616616
920 3301 986 3339 6666
1008 3285 1153 3352 ΡΛ1161
1171 3286 1245 3341 66616
1264 3304 1331 3345 6666
1351 3307 1366 3343 6

218 3378 247 3430 61
266 3377 308 3430 661
327 3394 393 3432 6666
412 3386 436 3431 6.
456 3379 571 3444 fortasse
591 3379 619 3431 61
638 3376 716 3432 61666
737 3377 827 3430 661666

289 3466 521 3522 6116111166
546 3468 624 3539 61666
653 3466 801 3536 pendentis
820 3465 885 3519 AV
910 3466 939 3518 L.
964 3464 1042 3520 eleae
1070 3465 1216 3535 pendentis
1242 3467 1257 3520 1
1431 3506 1434 3512 -

219 3561 250 3608 6
268 3555 341 3609 seu
361 3556 391 3609 ee
409 3556 502 3609 oleum
519 3535 611 3608 PA‘a
635 3554 706 3609 ssu
727 3556 756 3608 a
774 3553 866 3608 oleum
886 3572 902 3608 a
976 3559 1009 3607 14
1030 3553 1158 3607 ‘uomina
1177 3554 1243 3609 daeo
1262 3554 1297 3608 aa
1311 3559 1366 3614 eac.

217 3645 303 3698 Huuc
327 3646 413 3698 locum
432 3650 463 3698 ut
486 3646 517 3698 ie
537 3646 661 3699 erunibus
680 3661 766 3698 mauu
784 3644 894 3712 seriptis
917 3644 1026 3708 166661,
1052 3644 1094 3696 116
1116 3644 1192 3698 dedi:
1219 3650 1257 3698 est
1276 3649 1368 3700 autem

219 3734 363 3800 rrruuifeste
381 3736 536 3799 eueredosus,
562 3750 646 3802 66666
664 3738 757 3787 uotam
775 3734 813 3787 ed
831 3750 891 3787 euru
910 3731 1042 3801 adposui'
1069 3732 1207 3786 Victorius
1297 3733 1366 3789 (1616

218 3821 315 3890 iripri
334 3821 423 3894 prime
445 3821 491 3875 Pe
510 3821 575 3876 date
594 3822 629 3876 iri
647 3822 691 3890 pri
710 3821 799 3890 prime
819 3821 846 3875 A
866 3821 931 3876 (1616
951 3821 986 3875 iri
1004 3820 1110 3890 primae
1126 3821 1222 3876 Vicae
1242 3821 1365 3877 datoris·

218 3909 261 3978 pri
280 3927 367 3979 prune
385 3912 404 3976 f
418 3910 522 3965 datoris
541 3909 648 3984 primae
665 3927 681 3964 6
774 3916 806 3964 16
826 3910 928 3965 locarit
945 3909 1038 3964 idibus
1063 3909 1089 3962 V
1105 3909 1193 3964 166611
1211 3906 1318 3964 1161166
1338 3911 1366 3965 A

219 3999 319 4054 locarit
341 3999 441 4068 ydibus
461 4000 476 4053 b
504 3999 593 4053 locari
616 4000 697 4053 dibus
722 4001 812 4067 spatie
833 4015 992 4068 paucerum
1014 4000 1168 4053 litterarum
1189 4004 1253 4067 pest
1277 4000 1366 4054 locari

218 4089 320 4154 relicte,
339 4087 497 4142 lecantibus
515 4089 533 4155 f
601 4095 634 4141 11·
654 4087 699 4141 661
717 4087 831 4142 iusserit
844 4088 871 4142 A
891 4088 936 4142 cui
953 4087 997 4142 ius
1017 4087 1069 4140 erit
1086 4088 1113 4140 P
1131 4087 1197 4156 quui
1216 4087 1332 4144 iusserit
1350 4090 1366 4144 1

220 4176 298 4231 euius
317 4176 416 4244 serite
439 4176 483 4231 661
502 4176 651 4244 iusserisf
673 4177 751 4231 cuius
771 4177 858 4233 erite
939 4177 1080 4231 19161616
1101 4176 1198 4244 PA'cf
1224 4178 1306 4233 illata
1326 4180 1365 4232 16

290 4266 399 4336 pigneau'
424 4266 499 4319 VAc
522 4265 631 4334 pignori
651 4267 690 4332 bf
764 4273 797 4321 20
816 4266 925 4321 toreula
944 4267 995 4320 Vir
1013 4266 1163 4320 toreularia
1176 4267 1204 4319 A
1276 4271 1308 4319 21
1322 4258 1366 4318 Ι61-

220 4354 418 4424 66116161161
437 4355 464 4407 Ρ
479 4353 570 4422 siquid
590 4355 714 4409 6161166
733 4355 781 4409 Re
800 4354 886 4425 siquis
905 4359 934 4410 et
953 4355 1024 4410 aliut
1037 4356 1072 4408 A.
1092 4357 1207 4422 fortusse
1226 4355 1255 4408 61
1272 4353 1367 4422 siquid

123 4452 128 4460 ·
221 4443 297 4497 aliud
371 4450 404 4497 22
424 4461 544 4512 aequem
565 4444 593 4497 P
611 4461 714 4513 equom
734 4445 760 4497 A
780 4461 852 4512 eque
871 4443 900 4497 in
919 4447 936 4512 f
950 4461 1068 4513 aequum
1088 4445 1145 4498 166
