2994 5018
588 58 616 103 ἱ

431 329 479 384 DE
498 329 587 384 AGRI
606 329 776 386 CVLTVRA
796 332 824 387 C.
847 333 1014 394 ten-106
1257 333 1297 399 tl

151 513 247 573 usque
276 496 310 555 ad
336 497 503 557 solstitium.
542 499 639 577 siquid
670 500 852 578 superfuerit
880 509 947 579 pest
975 500 1150 582 solstitium,
1179 510 1297 562 acetum

150 604 329 663 acerrimum
352 612 383 664 et
406 604 641 682 pulcherrImum
664 607 729 666 erit.

239 709 297 780 Qui
320 729 390 789 ager
413 712 500 790 lenge
524 731 540 771 a
564 715 639 772 mari
663 712 771 793 aberit,
795 714 836 774 ibi
860 716 960 775 vinum
980 733 1119 794 graecum
1139 719 1181 776 sie
1198 718 1295 778 facito.
1315 717 1358 774 dV

149 819 241 877 musti
260 832 291 890 Q.
306 832 353 878 xx
377 819 408 877 in
432 817 578 877 aheneum
601 827 652 879 etit
671 818 843 897 plumbeum
858 821 1020 903 infundite,
1044 823 1143 899 ignem
1168 823 1294 884 subdito.

122 923 202 983 subi
224 923 349 984 bullabit
372 926 487 1005 vinum,
511 927 609 1003 ignem
633 925 799 986 subducite.
837 927 889 987 irbi
912 929 941 988 id
967 932 1066 990 vinum
1084 929 1243 1009 refrixerit,
1268 933 1298 991 in

149 1029 260 1090 delium
289 1030 556 1109 quadragenarium
585 1030 742 1091 infundite.
780 1050 915 1093 seorsum
945 1037 975 1094 in
1005 1054 1054 1095 vas
1083 1055 1174 1114 aquae
1204 1036 1299 1097 duleis

149 1188 208 1246 Q.1
231 1174 395 1255 infundite,
420 1174 489 1234 salis
509 1145 575 1255 Al,
600 1177 689 1235 sinito
703 1176 829 1234 muriam
845 1176 918 1236 fieri.
955 1177 1008 1237 ubi
1027 1181 1122 1239 muria
1138 1179 1213 1239 faeta
1231 1181 1299 1260 erit,
1319 1193 1336 1247 2

63 1327 65 1331 ,
149 1281 251 1340 eedem
276 1283 306 1341 in
330 1281 441 1341 delium
476 1282 633 1343 infundite.
671 1282 834 1342 schoenum
863 1290 892 1343 et
916 1284 1059 1344 calamum
1089 1288 1118 1346 in
1147 1285 1204 1364 pila
1229 1305 1297 1347 een.

148 1388 279 1467 tundite,
307 1388 385 1467 qnod
410 1390 467 1448 sie't
491 1391 652 1450 sextarium
676 1407 783 1469 unnim,
812 1389 915 1449 eodem
944 1393 974 1450 in
998 1391 1109 1452 dellum
1141 1392 1297 1472 infundite,

72 1543 76 1551 .
108 1513 134 1552 1o
148 1502 183 1555 ut
205 1495 361 1555 odoratum
385 1497 450 1555 siet.
487 1504 555 1575 pest
579 1497 642 1556 dies
661 1512 734 1557 xxx
753 1496 864 1556 dolium
888 1496 1021 1558 oblinito.
1059 1498 1094 1559 ad
1119 1518 1171 1559 ver
1190 1500 1295 1559 diffun-

148 1601 209 1661 dite
233 1604 264 1661 in
288 1602 452 1681 amphoras.
496 1604 648 1664 biennium
672 1605 703 1663 in
727 1603 788 1663 sole
813 1606 901 1664 sinito
925 1607 1056 1683 positum
1080 1625 1154 1667 esse.
1189 1607 1295 1667 deinde

147 1709 314 1768 intectum
338 1711 480 1771 conferte.
520 1712 577 1771 hee
601 1713 702 1771 vinum
727 1712 859 1772 deterius
882 1731 942 1772 neu
967 1715 1023 1772 erit
1048 1690 1254 1792 quameoum.

235 1814 336 1893 Aquae
365 1819 495 1876 marinae
515 1832 573 1891 ql
601 1836 635 1877 ex
669 1816 727 1877 alte
757 1821 878 1899 sumite,
912 1838 971 1898 quo
1004 1838 1078 1898 aqua
1111 1820 1206 1880 duleis
1234 1821 1292 1881 non
1312 1836 1367 1894 cvl

146 1921 269 1981 aceedit.
304 1922 512 2000 sesquilibram
536 1923 605 2007 salis
630 1923 743 2005 frigite,
772 1925 876 1985 eedem
899 1927 992 1986 indito
1018 1934 1047 1986 et
1070 1927 1144 1986 rude
1168 1929 1292 1987 miseeto

106 2045 132 2086 15
147 2045 242 2105 usque
275 2028 362 2104 adeo,
394 2028 488 2089 donee
517 2049 605 2089 evum
633 2029 827 2108 gallinaceum
855 2040 973 2092 eentum
1004 2018 1129 2112 natabit,
1161 2032 1290 2095 desiuite

146 2135 281 2194 miscere.
319 2135 422 2195 eedem
446 2138 507 2197 vini
530 2138 639 2197 veteris
658 2136 703 2196 vel
718 2139 841 2197 aminnii
855 2137 900 2197 vel
915 2137 1039 2199 miseelli
1055 2138 1113 2198 albi
1128 2142 1249 2218 congios
1264 2157 1291 2201 11
1313 2151 1330 2206 2

145 2241 306 2322 infundite,
339 2244 463 2302 miseeto
495 2243 596 2321 probe.
634 2252 736 2323 postea
759 2247 790 2303 in
819 2264 869 2304 vas
897 2247 1028 2324 picatum
1056 2247 1229 2306 confundite
1260 2255 1290 2307 et

146 2348 277 2410 oblinito.
315 2351 409 2429 siquis
437 2350 503 2427 plus
532 2349 612 2410 voles
641 2370 734 2431 aquae
764 2353 894 2411 marinae
923 2354 1115 2431 concinnare,
1143 2371 1198 2430 pre
1221 2371 1288 2432 por·

29 2480 32 2485 ·
127 2459 228 2516 tione
251 2475 284 2516 ea
307 2459 405 2516 emnia
429 2457 525 2517 facito.

216 2723 232 2772 3
251 2717 347 2771 vinum
366 2734 498 2788 graecum
518 2735 540 2773 e.
559 2723 605 2775 24.-

252 2973 266 3020 1
295 2967 447 3022 solstitium
471 2971 584 3036 utreque
606 2968 662 3021 loco
685 2967 728 3021 Vb
755 2965 909 3020 solsticium
933 2973 1045 3035 utreque
1068 2968 1111 3033 cf,
1140 2967 1291 3021 solstitium

142 3056 233 3123 priore
247 3057 348 3121 tocc,A
364 3055 525 3110 solistitium
542 3057 725 3124 posteriorcA
798 3062 813 3108 2
833 3055 983 3109 acerimum
1002 3058 1032 3110 et
1049 3055 1289 3124 pulcherimumA

214 3150 229 3196 3
249 3145 281 3198 n.
302 3145 400 3198 CXIIII
417 3145 470 3210 Qui
487 3163 555 3216 ager
568 3163 585 3198 a
599 3144 671 3198 mari
688 3144 779 3200 aberit
798 3145 920 3213 (habeut
933 3143 971 3212 A)
990 3144 1031 3197 ibi
1044 3145 1140 3197 uinum
1159 3159 1289 3212 graecum

62 3300 66 3307 „
135 3230 182 3286 ¹sie
206 3232 293 3286 factto
312 3231 374 3285 AP
397 3233 478 3301 Vnt,
508 3233 562 3299 Qui
589 3251 655 3304 ager
677 3250 694 3286 a
718 3235 788 3287 mari
811 3231 902 3287 aberit
928 3232 969 3287 ibi
993 3232 1088 3286 uinum
1116 3250 1230 3301 grecum
1250 3233 1289 3287 sie

142 3319 230 3375 facias
249 3322 264 3375 b
293 3320 348 3386 Qui
371 3338 438 3392 ager
456 3339 474 3375 a
492 3322 562 3375 mari
580 3323 663 3391 lenge
683 3323 774 3377 aberit
791 3323 831 3376 ibi
850 3321 946 3375 uinum
965 3338 1096 3390 graecum
1112 3322 1152 3376 sic
1171 3322 1288 3378 facitoo

142 3464 315 3519 tabeneum
336 3464 395 3519 ΡΑ
414 3466 536 3519 ahenum
556 3482 591 3521 ce
610 3482 726 3520 aeneum
746 3466 781 3532 b
869 3414 1017 3519 econdddo
1037 3464 1065 3517 A
1137 3445 1288 3532 e'forrcsse

143 3553 218 3620 quod
236 3553 305 3608 satis
324 3554 377 3608 siet
461 3560 493 3608 10
513 3553 658 3609 odoratum
677 3555 711 3620 fe
731 3554 877 3607 odenatum
896 3553 975 3607 PAb
994 3553 1127 3607 odoratus
1146 3571 1161 3608 c
1239 3555 1286 3609 do·

142 3641 212 3695 lium
230 3660 280 3696 om.
299 3644 340 3710 A,
354 3645 419 3699 odd.
442 3643 498 3698 VR
590 3649 621 3696 11
640 3641 783 3696 biennium
808 3643 876 3710 Vef
888 3642 1013 3697 bienium
1032 3642 1059 3695 A
1079 3642 1192 3697 biennio
1212 3645 1227 3698 b
1246 3644 1287 3697 bi-

143 3729 228 3783 duum
243 3724 400 3787 'Poetedere
413 3750 443 3803 p.
464 3738 501 3788 70
572 3732 693 3801 positum
712 3749 781 3787 cerr.
801 3734 873 3787 -tum
891 3732 919 3785 A

217 3820 299 3873 ten.
319 3818 392 3873 CXV
410 3821 491 3888 Aque
510 3821 616 3876 marine
634 3821 787 3876 continatio
802 3822 828 3874 A
848 3822 947 3889 Aquae
965 3821 1089 3876 marinae
1109 3821 1285 3876 concinnatio

145 3906 189 3961 Vb
271 3906 368 3976 Aquae
386 3909 510 3964 marinae
528 3929 554 3979 q.
575 3910 587 3962 I
605 3917 630 3965 et
648 3912 679 3964 c'e
697 3912 821 3981 morqiec
845 3908 1131 3977 al'.quadrantarium
1152 3911 1181 3963 P
1206 3910 1285 3977 Aque

140 3996 247 4050 marine
267 4016 293 4066 q.
315 3998 417 4064 IAbf
439 3997 537 4066 Aquae
556 4000 678 4054 marinae
697 4000 927 4068 quadrantarium
946 4018 1030 4052 unum
1050 4015 1064 4052 e
1088 3998 1185 4067 Aquae
1203 4001 1285 4054 mari·

141 4102 193 4139 nae
214 4085 421 4155 quartariume
531 4093 564 4141 14
582 4087 691 4142 accedit
710 4087 757 4142 Pb
763 4089 781 4154 f
797 4086 891 4141 aeedit
908 4088 935 4141 A
955 4088 1047 4142 acebit
1066 4104 1080 4141 e
1098 4088 1215 4141 accedat
1233 4106 1248 4142 e

141 4175 338 4245 sesquilibrum
357 4192 424 4230 cerr.
445 4192 502 4230 -am
520 4177 547 4229 A
656 4176 722 4229 salis
741 4192 791 4229 om.
811 4177 851 4242 A,
870 4178 934 4231 add.
958 4176 1015 4231 VR
1105 4177 1201 4246 frigito
1222 4179 1284 4233 PR

140 4263 264 4334 frangite
284 4264 311 4318 A
329 4265 478 4336 fringitoe
566 4269 598 4318 15
616 4264 805 4334 gallinaceum
824 4265 852 4319 R
870 4264 1048 4335 gallinatium
1066 4266 1094 4320 A
1112 4265 1235 4335 gallinae
1261 4268 1286 4320 V

204 4356 315 4408 coetum
334 4371 384 4409 om.
403 4354 547 4409 Iucundos
611 4359 645 4407 16
664 4353 781 4407 aminnii
802 4355 903 4421 PAbf
918 4354 1015 4408 aminii
1034 4371 1067 4408 eo
1142 4361 1174 4409 18
1193 4355 1279 4425 siquis

143 4441 234 4497 PAR
253 4443 391 4513 siquidem
409 4461 425 4498 e
499 4451 531 4500 19
551 4462 584 4500 ea
602 4444 696 4500 emnia,
714 4446 774 4500 AR
793 4446 886 4500 emnia
905 4462 938 4498 ea
963 4445 988 4496 V
