2994 5018
423 347 488 402 *nn
509 348 596 404 rem
615 346 786 403 overran
807 344 834 401 o.
858 345 1025 402 res-ici
1255 325 1319 406 107

176 518 341 595 tetigerint,
371 515 399 575 id
434 534 523 576 manu
549 515 702 601 prehende
732 522 761 574 et
789 513 909 572 dextera
948 513 1067 572 sinistra
1100 511 1251 591 praecide,
1283 509 1319 572 ad

173 623 279 685 luxum.
300 632 351 684 aut
374 622 410 682 ad
434 625 595 684 tracturam
619 619 718 700 alliga,
742 639 846 680 sanum
866 620 925 681 flet.
967 627 997 680 et
1016 627 1114 680 tamen
1129 619 1237 680 cotidie
1252 637 1319 679 ean-

174 739 234 792 tato
258 733 289 790 in
313 730 369 790 alie
393 749 416 789 s.
440 730 458 790 l.
482 729 528 789 vel
551 728 659 789 luxato.
701 728 747 788 vel
770 727 826 788 hoc
851 727 950 807 mode,
974 727 1046 789 huet
1068 727 1158 787 hauat
1177 727 1249 787 huat
1264 729 1320 788 ista

165 840 251 921 pista
280 840 351 898 sista
379 836 512 896 dannabo
541 836 734 914 daunaustra‚
763 843 792 894 et
820 832 928 894 limato.
970 833 1016 894 vel
1039 834 1095 894 hoc
1121 834 1219 916 mode,
1247 833 1320 896 huat
1355 881 1358 885 .

147 943 247 1003 shaut
269 943 342 1003 haut
364 946 463 1036 'patasis
486 945 574 1003 tarsis
598 940 788 1003 ardannabou
812 941 999 1002 dannaustra.

264 1052 431 1129 Asparagus
455 1069 514 1129 quo
539 1050 624 1111 modo
648 1030 773 1110 seretur.
815 1049 912 1108 lecum
937 1048 1074 1127 subigere
1098 1039 1415 1130 oportethene,ilX1

177 1159 229 1237 qui
251 1157 357 1217 habeat
379 1176 526 1238 umorem,
551 1166 601 1218 aut
624 1157 722 1217 locum
737 1174 879 1216 crassum.
923 1155 975 1215 uhi
990 1158 1046 1216 erit
1062 1156 1212 1236 subactus,
1235 1175 1320 1218 areas

176 1265 279 1343 incito,
307 1272 341 1324 ut
368 1268 471 1355 pessis⁸
495 1265 597 1325 dextra
626 1266 805 1342 sinistraque
829 1263 922 1322 sarire
946 1280 1086 1342 runcare,
1115 1281 1152 1323 ne
1180 1263 1319 1325 calcetur.

174 1388 244 1430 eum
272 1388 356 1431 areas
384 1371 575 1452 delermabis‚
603 1369 791 1430 intervallum
814 1370 902 1429 tacite
926 1371 1005 1430 inter
1032 1387 1115 1430 areas
1139 1372 1320 1450 semipedem

134 1494 159 1532 10
173 1475 267 1537 latum
290 1479 321 1536 in
345 1495 448 1537 omnes
471 1485 579 1556 partes.
621 1477 727 1537 deinde
747 1478 851 1555 serite,
875 1476 910 1535 ad
932 1475 1037 1537 lineam
1059 1476 1125 1555 pale
1147 1496 1236 1557 grana
1251 1477 1320 1539 bina

174 1591 225 1644 aut
248 1591 334 1644 terna
357 1584 505 1644 demittite
530 1591 559 1643 et
582 1583 686 1643 eodeni
713 1582 780 1660 pale
808 1601 912 1642 cavum
942 1589 1021 1643 terra
1045 1586 1169 1663 operite.
1212 1585 1318 1645 deinde

176 1708 264 1769 supra
288 1709 372 1750 areas
397 1699 512 1751 stercus
536 1691 666 1769 spargite
686 1688 770 1749 bene.
812 1691 903 1749 serito
918 1690 1082 1750 secuudum
1097 1693 1319 1770 aequinoctium
1339 1692 1357 1748 2

175 1815 308 1858 vernum.
351 1798 402 1857 ubi
433 1800 490 1858 erit
518 1794 773 1876 natum,'herbas
801 1795 907 1856 crebre
935 1806 1061 1875 purgato
1090 1806 1252 1878 cavetoque
1282 1817 1319 1860 ne

174 1921 335 1983 asparagus
359 1922 418 1965 uua
442 1922 511 1964 curn
534 1902 626 1963 herba
649 1902 782 1963 vellatur.
825 1921 884 1981 quo
908 1921 985 1962 anuo
1000 1906 1125 1984 severis,
1149 1907 1319 1965 stramentis

136 2033 161 2073 m
175 2028 229 2088 per
252 2011 379 2071 hiemem
407 2013 537 2092 operito,
566 2028 602 2070 ne
627 2016 793 2088 peruratur.
836 2009 943 2070 deiude
973 2013 1069 2088 primo
1097 2029 1167 2071 vere
1196 2013 1319 2091 aperito,

177 2120 268 2178 sarire
291 2127 483 2198 runcatoque.
524 2125 592 2194 post
615 2135 724 2176 annum
747 2118 883 2196 tertium,
907 2135 995 2195 quam
1020 2121 1144 2199 severis,
1168 2119 1319 2179 incendite

249 2330 265 2379 6
284 2329 443 2396 asparagus
462 2341 518 2395 que
536 2324 619 2378 medo
638 2326 745 2378 seratur
762 2324 840 2379 Ptin.
861 2330 906 2392 19,
923 2330 978 2381 147

177 2561 239 2614 terri
258 2556 404 2626 tetigerint
424 2557 492 2612 Pbe
510 2558 539 2611 et
557 2540 645 2611 altam
664 2544 753 2610 altam
771 2555 918 2624 tetigerint
931 2558 962 2628 A
981 2558 1011 2610 et
1029 2557 1147 2612 alteram
1166 2556 1325 2627 tetigeritf
1415 2628 1418 2633 Ι

178 2653 207 2702 et
225 2650 344 2702 alteram
361 2647 452 2700 altera
469 2644 616 2714 tetigerint
633 2663 649 2699 e
733 2653 747 2699 1
767 2646 909 2715 prehende
930 2645 987 2698 PR
1005 2646 1114 2715 pheudo
1134 2646 1161 2699 A
1180 2645 1284 2716 prende
1303 2662 1319 2699 e

256 2755 370 2808 dextera
390 2752 438 2806 Pc
455 2738 538 2808 dexte
555 2754 582 2806 A
602 2752 700 2806 dextra
718 2753 773 2819 bfo
856 2759 872 2805 4
891 2751 1020 2808 dannabo
1039 2753 1211 2809 donnaustra
1224 2755 1320 2823 priore

175 2845 232 2896 lere
253 2843 282 2895 P
298 2842 426 2896 dannabo
444 2841 615 2896 donnaustra
633 2844 660 2894 A
679 2841 818 2896 damnabo
837 2841 1018 2896 damnanatra
1036 2844 1051 2897 b
1075 2842 1197 2896 damaho
1215 2842 1319 2897 danau-

174 2933 266 2985 strae
293 2931 423 2999 ddpnabo
450 2930 621 2985 munustra
645 2932 662 2997 s
690 2929 821 2984 damiate
849 2930 1044 2986 demonstran
1152 2933 1229 2988 linat
1250 2933 1320 2986 haut

173 3021 244 3074 haut
266 3020 360 3072 istosin
387 3018 470 3071 tarsis
497 3019 679 3072 ardannabon
708 3019 877 3073 dennaustra
900 3021 1092 3089 (damnanstra
1120 3024 1135 3076 b
1168 3023 1319 3077 danaustra

175 3110 200 3177 e)
225 3109 374 3178 posteriore
402 3108 457 3160 loce
483 3106 542 3159 PR
575 3107 669 3161 huat-
692 3107 763 3162 hant
782 3138 787 3150 ·
807 3109 877 3162 haut
901 3137 907 3149 ·
932 3107 1026 3162 istusis
1051 3137 1057 3150 ·
1080 3109 1163 3163 tersis
1188 3138 1194 3151 ·
1219 3110 1318 3164 ardan-

175 3198 247 3252 nabo
274 3215 302 3251 u.
330 3196 423 3249 muna
450 3190 528 3249 nstra
547 3195 574 3247 A
606 3195 683 3250 Haut
709 3197 779 3252 hant
806 3197 877 3251 haut
900 3196 998 3266 istagis
1025 3197 1110 3252 tureis
1137 3198 1319 3254 ardannabon

176 3285 370 3340 damnustrao

247 3380 263 3429 6
282 3376 313 3430 n.
334 3372 485 3427 CLXVllIl
504 3373 664 3444 Asparagus
683 3376 823 3444 quomodo
842 3377 950 3430 seratur
968 3377 1101 3446 (serretur
1119 3377 1157 3445 A)
1178 3378 1258 3433 AVb

174 3465 335 3534 Asparagne
354 3479 410 3534 que
429 3463 513 3517 modo
532 3465 640 3518 seratur
661 3468 723 3533 pest
745 3466 885 3519 rubricam
903 3482 952 3519 om.
973 3464 1073 3535 VAR,
1097 3469 1161 3522 edd.
1183 3467 1319 3525 Gesnerus

265 3553 444 3606 ‘thumerem
466 3550 555 3605 VAR
663 3555 712 3607 aut
734 3553 797 3609 lecu
821 3558 899 3623 (cerr.
920 3557 991 3624 loeo)
1016 3573 1108 3611 erasse
1126 3559 1154 3611 A
1181 3561 1231 3613 ant
1255 3560 1318 3615 lece

176 3657 268 3696 erasm
291 3640 358 3695 VR:
382 3641 416 3707 cf.
436 3642 511 3698 Ptin.
531 3647 575 3708 19,
585 3647 648 3704 ‚147
667 3643 758 3696 locum
778 3642 870 3713 subigi
887 3644 966 3699 iubet
984 3645 1111 3700 umidum
1129 3650 1178 3703 aut
1196 3664 1318 3704 crassum

254 3731 373 3786 8sar're
394 3731 485 3785 PAR
504 3733 637 3788 sarrireu
659 3786 663 3791 ,
715 3738 748 3787 10
767 3751 862 3788 ornnes
885 3734 940 3788 VR
959 3740 1019 3790 effi
1038 3737 1066 3789 A
1158 3743 1188 3791 11
1208 3741 1317 3795 terrae

177 3820 268 3887 terrae
287 3821 314 3873 P
334 3823 408 3875 terre
427 3822 499 3887 Aes
519 3824 594 3895 terre
614 3823 630 3875 b
739 3828 772 3876 13
792 3825 957 3895 cavetoque]
978 3826 1122 3881 severine
1141 3845 1203 3882 curn
1223 3828 1317 3883 herbis

177 3907 313 3963 evellatur
331 3926 483 3980 asparagus
504 3911 618 3965 Plinius
710 3917 744 3964 14
763 3914 935 3985 atramentis]
956 3917 1147 3970 aushamentis
1167 3918 1225 3971 PR
1243 3936 1317 3974 surn-

175 3997 371 4052 atramentisA
391 3992 602 4053 substramentie
621 4017 645 4053 o.
670 3999 760 4069 primo
779 4016 852 4056 anno
872 4006 1025 4058 stramento
1043 4005 1079 4058 ab
1098 4006 1188 4060 hieme
1207 4008 1317 4078 protegi

174 4087 292 4140 Plinius
380 4093 413 4142 lt
431 4088 554 4142 hiemem
573 4089 621 4141 Ab
646 4089 774 4158 hyemem
798 4088 862 4156 ch
950 4096 1096 4163 peruratur
1114 4095 1133 4161 s
1153 4098 1317 4164 proseratur

179 4174 245 4230 Vbs
262 4177 429 4244 perurantur
448 4177 474 4231 A
567 4183 599 4230 1e
618 4178 704 4232 serite
723 4183 893 4248 runcatoque
912 4181 972 4234 AR
983 4182 1060 4249 Vict,
1079 4183 1234 4254 sortitoque
1253 4204 1316 4239 run·

175 4266 291 4334 cetoque
315 4264 345 4322 V.
385 4267 495 4320 ‘Sarite
514 4267 693 4334 runcateque.
736 4267 822 4322 Vnice
840 4275 948 4324 tautum
965 4288 988 4340 r,
1007 4273 1057 4326 bec
1074 4274 1186 4328 uerbum
1203 4275 1316 4343 compsi:

174 4352 206 4406 in
222 4353 265 4410 bis
282 4357 354 4410 euim
373 4357 573 4425 antiquissimis
592 4357 685 4426 libris,
708 4359 806 4426 quibos
825 4360 863 4412 oet
887 4361 936 4414 bec
953 4378 1054 4416 munus
1071 4379 1138 4417 usus
1155 4380 1228 4430 sum,
1249 4381 1316 4418 sem-

169 4458 221 4512 per
238 4445 281 4499 ita
298 4447 431 4514 scriptum
449 4446 610 4500 obseruaui’
637 4445 775 4500 Victorius
