2994 5018
115 378 142 412 s
417 353 465 406 DE
484 353 571 407 AGRI
591 352 762 408 CVLTVRA
782 355 811 409 C.
834 354 1002 412 143-145
1235 357 1275 419 91

133 521 224 580 frando
248 519 326 598 ligna
350 529 379 579 et
403 520 495 580 oleam
520 539 557 579 ne
581 520 743 598 deportato.
781 524 832 601 qui
856 522 950 582 oleam
965 523 1082 604 legerit,
1107 527 1158 603 qui
1173 524 1276 603 deper-

133 630 216 707 tarit,
239 629 270 687 in
294 626 425 704 singulas
448 626 669 705 deportationes
689 641 733 689 ss.
754 644 785 688 N.
801 644 825 688 11
850 628 1036 690 deducentur
1060 650 1155 710 neque
1180 630 1208 690 id
1229 631 1277 690 de·

134 734 260 794 hebitur.
303 753 419 794 omnem
444 733 537 793 oleam
560 752 666 813 puram
690 737 830 815 metietur
856 736 953 795 medie
978 736 1095 797 oleario.
1138 737 1277 797 adsiduos
1297 742 1316 799 4

133 841 267 901 hemines
297 856 318 901 n
349 842 502 921 praebeto,
535 843 608 902 daras
641 850 742 920 partes
775 844 948 902 stricturum
980 842 1129 921 praebeto.
1172 845 1278 922 nequis

106 948 288 1028 eeoneedat,
313 968 371 1028 que
396 949 458 1008 olea
483 949 607 1026 leganda
628 958 658 1009 et
674 949 808 1008 faciunda
823 951 922 1009 carius
936 949 1064 1029 locetur,
1087 957 1170 1009 extra
1190 969 1278 1029 quam

133 1059 248 1134 siquem
272 1059 385 1116 socium
418 1059 693 1135 inpraesentiarum·
720 1055 836 1115 dixerit.
878 1057 973 1133 siquis
1002 1055 1157 1116 adversum
1181 1074 1214 1115 ea
1239 1058 1278 1116 t'e-

133 1164 221 1244 rerit,
245 1165 271 1223 si
294 1163 432 1224 dominus
456 1172 506 1224 aut
530 1172 631 1224 eustos
655 1162 767 1243 velent,
796 1164 895 1222 iurent
919 1180 1020 1222 omnes
1045 1165 1126 1222 seeii.
1169 1166 1195 1223 si
1218 1183 1276 1225 neu
1298 1171 1316 1229 5

133 1272 173 1330 ita
197 1272 373 1358 iuraverint,
397 1291 451 1350 pro
476 1290 508 1331 ea
533 1270 595 1331 olea
620 1270 746 1350 tegenda
770 1279 800 1331 et
821 1269 1055 1329 tacienda‘nemo
1076 1270 1157 1331 dabit
1181 1290 1277 1351 neque

133 1411 291 1473 debebitur
320 1400 348 1474 ei
376 1417 427 1493 qui
456 1434 514 1475 nen
543 1415 694 1474 iuraverit.
736 1413 922 1473 accessiones
953 1413 983 1470 in
1002 1383 1082 1470 riso
1099 1425 1139 1472 etr
1163 1411 1278 1472 aceedit

32 1552 35 1559 '
93 1566 119 1602 ιο
133 1545 214 1606 eleae
234 1546 327 1607 salsae
346 1528 372 1607 dt
392 1565 430 1628 v,
454 1547 511 1608 elei
534 1549 745 1625 purir.V1111
770 1549 800 1605 in
824 1554 884 1606 teta
909 1544 1027 1604 eleitate
1051 1543 1110 1620 [ss
1126 1543 1178 1624 v],
1202 1546 1277 1604 aceti

135 1669 165 1727 Q.
184 1669 215 1713 v.
257 1653 334 1733 qued
358 1654 440 1715 eleae
464 1654 558 1714 salsae
586 1672 645 1713 non
674 1654 858 1733 acceperint,
886 1653 957 1712 dum
985 1651 1077 1711 oleam
1107 1651 1218 1730 legent,
1246 1652 1276 1709 in

134 1760 247 1821 medies
271 1761 403 1840 singulos
423 1776 468 1823 ss.
488 1776 513 1822 S.
535 1775 560 1822 s,
584 1760 743 1821 dabuntur.

222 1868 323 1929 Oleam
347 1867 513 1928 faciundam
538 1867 593 1927 hac
617 1867 681 1945 lege
706 1875 824 1946 opertet
847 1867 953 1927 iecere.
980 1868 1079 1928 tacito
1104 1875 1185 1926 reete
1201 1864 1277 1925 arbi-
1297 1879 1384 1937 cxpv

132 1984 212 2036 tratu
236 1976 347 2035 domini
372 1982 422 2053 aut
446 1974 592 2054 custodis,
617 1975 667 2053 qui
692 1973 721 2033 id
746 1974 897 2050 negotium
917 1972 1042 2033 curabit.
1080 1976 1105 2032 si
1124 1992 1176 2033 sex
1199 1974 1277 2050 iugis

93 2097 118 2137 15
132 2084 209 2142 vasis
225 2101 299 2161 epus
315 2085 385 2163 erit,
409 2083 506 2143 tacito.
544 2081 680 2142 hemines
695 2099 745 2141 ees
761 2080 836 2160 dato,
856 2083 908 2159 qni
923 2080 1082 2159 placebunt
1096 2089 1146 2141 aut
1161 2080 1277 2140 custodi

133 2198 184 2250 aut
207 2192 274 2268 quis
298 2209 362 2250 eam
386 2190 480 2251 oleam
505 2192 618 2250 emerit.
638 2187 661 2268 †
681 2191 788 2268 trapeti
812 2189 908 2249 iaeito.
946 2189 972 2248 si
996 2190 1123 2267 operarii
1138 2188 1277 2248 conducti
1309 2259 1314 2267 ι

133 2304 221 2356 erunt
245 2303 296 2356 ant
319 2295 451 2356 iacienda
482 2295 576 2356 locata
600 2297 670 2375 erit,
698 2313 752 2373 pre
780 2313 815 2353 eo
843 2294 996 2374 resolvite,
1025 2305 1076 2356 aut
1103 2295 1276 2356 deducetur.

133 2403 229 2463 otenm
261 2422 297 2463 ne
327 2405 437 2482 tangito
466 2402 571 2463 utendi
599 2421 686 2463 eausa
716 2421 812 2481 neque
837 2403 955 2463 iurandi
985 2421 1087 2483 eausa,
1118 2403 1176 2462 nisi
1199 2402 1316 2481 quod2

134 2518 235 2569 custos
259 2509 375 2570 dederit
398 2517 448 2570 aut
472 2509 618 2569 deminus.
657 2512 683 2569 si
702 2512 876 2590 sumpserit,
901 2512 931 2569 in
946 2509 1078 2587 singulas
1093 2510 1278 2587 sumptiones

34 2606 40 2615 ’
94 2631 121 2671 eo
136 2629 180 2676 ss.
200 2631 231 2675 n.
251 2630 297 2675 xa
322 2615 507 2677 deducentur
536 2635 634 2696 neque
663 2615 830 2677 debebitur.
872 2617 1012 2697 faetores,
1041 2618 1093 2695 qui
1117 2616 1214 2676 eleum
1238 2617 1278 2676 i-

206 2830 219 2877 1
239 2842 274 2879 ne
294 2824 441 2894 deportate
460 2826 530 2893 Aef
546 2841 601 2879 nen
620 2825 769 2894 deportate
795 2825 838 2880 Vb
911 2829 926 2876 2
946 2824 1155 2894 deportationes
1173 2825 1224 2881 SS.
1244 2827 1277 2882 N.

132 2913 159 2967 ll
179 2913 271 2968 PAR
289 2898 499 2983 deportationes
518 2914 544 2967 H
563 2915 622 2969 He
696 2919 712 2968 t
732 2930 786 2983 que
806 2914 870 2969 olea
893 2915 961 2981 be
980 2932 1034 2983 quo
1054 2915 1145 2970 oleam
1164 2917 1191 2969 A
1211 2919 1280 2984 quot

134 3003 195 3057 elea
214 3022 228 3057 e
299 3005 422 3072 legenda
442 3006 471 3057 et
488 3003 621 3058 faciunda
638 3005 671 3071 fe
690 3004 814 3074 legenda
833 3005 861 3057 et
881 3003 1009 3058 iacienda
1030 3003 1108 3058 PAc
1126 3005 1279 3074 legendae

205 3099 220 3147 6
240 3091 344 3147 sotium
363 3093 390 3145 A
462 3092 695 3162 inpresentiarum
710 3094 779 3161 Aes
792 3091 1053 3163 impraesentiarum
1070 3093 1122 3147 Vb.
1160 3094 1192 3147 ln
1212 3093 1279 3167 Pre-

134 3180 287 3236 sentiarum
305 3182 337 3235 in
355 3183 479 3251 neruine
497 3184 647 3251 adscripsit
665 3182 693 3235 P
760 3183 909 3237 aduersum
929 3199 962 3236 ea
978 3183 1035 3237 VR
1054 3182 1237 3237 aduersdmea
1252 3183 1278 3235 A

205 3269 306 3325 asotii
325 3273 352 3323 A
425 3271 510 3340 tiqui
528 3289 584 3326 nou
603 3271 738 3326 iurauerit
757 3271 837 3325 PAb
865 3271 913 3338 qui
936 3287 992 3325 nen
1017 3270 1204 3327 iurauerinte
1232 3272 1280 3340 qui

68 3422 71 3427 ·
132 3430 188 3468 non
215 3413 257 3468 aa
284 3413 455 3470 turano-ev
585 3415 614 3468 an
642 3374 778 3469 dimoc
804 3414 962 3482 ecferet,
995 3414 1024 3467 in
1052 3374 1172 3468 duee
1191 3415 1219 3468 A
1251 3414 1280 3468 n

66 3518 68 3523 Ι
132 3506 292 3612 dedocet
307 3557 337 3611 in
351 3557 388 3611 M.
399 3557 424 3613 d.
437 3556 505 3613 COe
577 3557 687 3613 aceedit
697 3558 782 3612 PAR
801 3558 965 3613 accedente
983 3557 1119 3612 accedent
1133 3559 1280 3613 Iucundos

206 3653 238 3698 10
257 3646 361 3701 oletate
380 3646 429 3701 HS.
449 3647 482 3701 V.
501 3647 575 3702 aceti
590 3691 595 3702 .
611 3665 637 3715 q.
657 3647 690 3702 U.
711 3648 808 3715 PAct'
836 3647 958 3702 eleatate
974 3646 1019 3700 ss
1035 3647 1061 3701 V
1079 3647 1153 3703 aceti
1172 3667 1199 3716 q.
1219 3647 1244 3702 u
1264 3649 1280 3701 b

135 3731 282 3787 oleitateV
300 3735 374 3790 aceti
393 3755 419 3804 q.
438 3737 463 3789 Il
482 3754 498 3790 e
573 3744 604 3790 11
625 3737 785 3805 acceperint
804 3737 864 3791 AR
883 3739 1050 3806 aeceperunt
1074 3737 1100 3789 V
1171 3742 1203 3789 12
1225 3735 1279 3790 sin-

133 3839 214 3908 gulos
229 3840 283 3896 SS.
304 3829 331 3894 S.
348 3843 374 3895 S.
394 3842 534 3897 dabuntur
550 3842 638 3897 PAR
656 3843 779 3914 singulos
799 3845 824 3898 H
844 3844 984 3899 dabuntur
1002 3862 1026 3900 e.
1051 3844 1167 3910 sectasse
1186 3842 1279 3912 singu·

134 3928 176 3982 los
197 3945 216 3982 s.
238 3947 258 3985 s.
279 3930 314 3999 (h.
335 3946 354 3984 e.
376 3947 459 3999 supra
478 3931 607 4000 scriptos)
624 3933 707 3987 fflV
726 3933 866 3987 dabuntur
1132 3936 1135 3941 ’

206 4023 238 4071 13
258 4019 290 4072 R.
311 4018 409 4074 CLIIII
429 4019 485 4073 Lex
504 4021 582 4073 eleae
601 4019 750 4075 faciundae
770 4023 796 4075 A
808 4022 834 4075 V
859 4022 889 4075 L.
910 4023 987 4076 eleae
1006 4021 1189 4075 iaciendaeb

134 4113 166 4160 15
185 4109 301 4174 fortasse
318 4108 471 4178 placebunt
489 4106 602 4164 domino
622 4113 671 4163 aut
690 4111 799 4165 custodi
836 4147 839 4153 -
908 4118 939 4165 16
961 4114 1011 4167 aut
1029 4109 1091 4180 quis
1111 4110 1201 4163 PAR
1231 4113 1280 4165 aut

133 4195 216 4266 quie
324 4197 443 4268 trapetis
472 4197 558 4252 facite
584 4198 772 4254 Schneideres.
809 4202 923 4267 fortasse
950 4200 1068 4269 trapetis
1096 4198 1231 4253 iaciendis
1255 4199 1279 4252 si

133 4287 252 4356 operarii
276 4287 405 4342 conducti
428 4289 510 4342 erunt
533 4289 583 4341 aut
605 4286 735 4343 facienda
757 4288 851 4343 locata
874 4291 956 4343 erunt
1056 4295 1088 4342 19
1107 4288 1279 4357 sumptiones

140 4376 195 4429 VR
218 4377 409 4447 asumptieues
428 4380 454 4431 A
564 4383 597 4431 20
615 4376 667 4432 88.
687 4377 720 4431 N.
740 4378 796 4431 XL.
816 4378 989 4433 deducentur
1010 4378 1100 4432 PAR
1128 4376 1214 4461 SSXp
1233 4377 1279 4432 de·

133 4465 237 4519 ducent
255 4482 270 4519 e
1367 4472 1370 4476 '
