2994 5018
51 4484 109 4745 t

297 310 340 374 36
790 311 946 377 CATONIS

296 495 421 556 ganeum
450 478 529 556 quod
557 480 684 556 operarii
713 477 827 558 bibant,
859 480 911 539 ubi
938 487 1056 557 tempus
1084 479 1154 558 erit,
1185 477 1282 557 legito.
1325 481 1438 540 siceum

295 587 411 661 puriter
438 586 570 646 omnium
598 586 714 647 dierum
732 585 734 590 ’
742 588 855 664 pariter
881 587 912 646 in
940 585 1016 647 dolia
1045 587 1175 646 dividito.
1218 588 1244 645 si
1273 605 1348 664 opus
1372 589 1438 667 erit,

295 690 445 752 defrutum
470 692 563 752 indito
587 694 618 753 in
642 701 772 754 mustum
796 694 833 753 de
852 700 949 753 musto
969 692 1057 753 lixivo
1077 700 1204 773 coctum,
1228 700 1342 770 partem
1367 712 1437 772 qua·

256 798 274 855 3
293 797 489 877 dragesimam
513 799 611 859 addito
636 800 746 860 defruti
770 798 815 859 vel
835 800 904 860 salis
920 799 1127 879 sesquilibram
1142 800 1173 859 in
1188 799 1323 860 culleum.
1361 818 1437 860 mar-

294 924 359 965 mor
378 907 404 965 si
422 895 453 965 in
475 925 515 986 es,
534 908 564 965 in
585 906 713 967 culleum
739 907 832 967 ibram
847 908 956 968 indito:
978 908 1007 967 id
1024 908 1117 967 indito
1132 909 1163 966 in
1179 925 1292 986 urnam,
1313 909 1437 968 misceto
1468 885 1481 959 ἑ

294 1031 361 1072 cum
385 1020 497 1073 musto:
530 1013 559 1072 id
583 1014 677 1074 indito
701 1016 732 1075 in
756 1014 875 1075 dolium.
917 1016 1046 1075 resinam
1076 1016 1102 1074 si
1124 1016 1223 1094 indes,
1253 1016 1283 1074 in
1307 1013 1437 1075 culleum

294 1121 385 1179 musti
407 1134 437 1179 P.
457 1135 512 1199 111,
540 1119 615 1181 bene
644 1122 841 1202 conminuito,
872 1121 965 1181 indito
993 1124 1024 1182 in
1052 1120 1191 1181 fiscellam
1221 1129 1251 1181 et
1279 1123 1367 1181 facito
1391 1123 1437 1181 uti

293 1227 323 1285 in
348 1224 426 1286 dolio
449 1228 541 1287 musti
564 1227 703 1304 pendeat:
727 1246 791 1287 eam
815 1235 954 1306 quassato
978 1227 1167 1308 erebro,.uti
1184 1229 1282 1287 resina
1307 1229 1436 1289 condeli-

252 1331 272 1386 4
293 1339 422 1410 quiescat.
459 1336 514 1393 obi
525 1333 669 1392 indideris
689 1334 839 1393 defrutum
863 1341 913 1393 aut
937 1351 1066 1394 marmor
1080 1341 1131 1394 aut
1145 1335 1286 1411 resinam,
1311 1335 1374 1394 dies
1389 1351 1436 1395 xx

291 1440 470 1514 permisceto
485 1433 605 1521 crebro,
629 1439 770 1501 tribulato
785 1442 902 1501 cotidie.
939 1443 1081 1501 tortivum
1095 1448 1226 1501 mustum
1241 1443 1434 1502 circumcida-
1452 1454 1480 1491 10

292 1564 380 1606 neum
404 1566 458 1607 suo
483 1549 591 1626 cuique
614 1546 692 1607 dolio
716 1547 838 1607 dividito
862 1546 1220 1658 {illinirfirltliffsp

172 1647 271 1703 XXllll
380 1652 486 1713 Vinum
514 1672 653 1732 graecum
681 1653 737 1713 boc
765 1653 851 1713 modo
880 1654 945 1713 fieri
973 1661 1102 1768 oportet:
1141 1671 1212 1712 uvas
1235 1655 1344 1731 apicios
1368 1673 1434 1732 per-

292 1765 391 1817 coctas
418 1757 493 1819 bene
518 1758 616 1837 legito.
658 1759 709 1819 ubi
733 1759 893 1840 delegeris,
922 1761 951 1820 in
977 1762 1041 1819 cius
1065 1762 1156 1823 musti
1184 1759 1312 1820 culleum
1341 1780 1434 1840 aquae

291 1867 421 1925 marinae
445 1868 555 1956 Q
570 1881 601 1939 Q.
617 1881 643 1926 11
667 1869 763 1926 indito
787 1866 832 1924 vel
856 1866 926 1926 salis
945 1869 1011 1944 puri
1028 1867 1172 1927 modium:
1195 1885 1263 1926 eum
1278 1869 1309 1925 in
1325 1867 1434 1927 tiscella

291 1973 464 2050 suspendito
493 1975 641 2051 sinitoque
670 1991 738 2032 cum
760 1979 859 2032 musto
884 1972 1069 2034 distabescat.
1112 1975 1137 2032 si
1161 1971 1308 2032 helvolum
1332 1977 1433 2033 vinum
1450 1992 1477 2031 ιε,

291 2079 387 2138 lacere
411 2098 447 2139 vo
460 2098 500 2159 es,
524 2079 678 2140 dimidium
703 2079 819 2160 helvoli,
842 2080 996 2139 dimidium
1019 2081 1095 2157 apici
1117 2081 1177 2139 vini
1196 2081 1299 2158 indito,
1323 2081 1433 2162 (Les-sbi]

290 2188 398 2246 veteris
422 2078 536 2264 Alieni
560 2189 740 2246 tricesimam
764 2186 871 2246 addito.
910 2185 1053 2265 quidquid
1078 2188 1139 2245 vini
1162 2186 1338 2267 destinabis,
1366 2205 1431 2264 par-

290 2301 350 2353 tem
373 2294 554 2353 tricesimam
577 2292 688 2354 delruti
711 2292 819 2354 addito.
827 2314 868 2392 ss

360 2505 376 2552 2
396 2499 420 2553 si
439 2516 507 2568 opus
526 2499 586 2569 erit,
606 2500 746 2555 defrutum
764 2498 854 2552 indito
876 2498 1091 2564 Pito.14,129
1176 2504 1209 2552 12
1229 2498 1333 2553 Vinum
1351 2516 1431 2567 grae-

288 2605 352 2642 cum
370 2592 461 2644 c.105

361 2774 374 2820 1
390 2766 500 2836 operari
514 2766 542 2819 A
556 2782 624 2820 corr.
640 2766 760 2835 operarii
771 2765 812 2819 A’
883 2765 1020 2819 edietum
1036 2765 1092 2819 VR
1106 2765 1240 2819 derumA
1312 2765 1430 2819 diuidibo

293 2855 350 2909 VR
367 2839 457 2909 diuibo
477 2855 503 2907 A
593 2861 609 2907 3
629 2855 663 2909 de
682 2856 774 2908 musto
792 2852 879 2908 lixiuo
898 2855 1008 2909 coebum
1027 2853 1116 2907 PAR
1141 2853 1241 2908 cineris
1260 2853 1339 2907 lixini
1357 2853 1430 2907 coeii

287 2961 318 2998 o:
337 2945 372 3011 cf.
394 2945 470 2998 Plio.
489 2947 609 3009 14,129
697 2947 714 2994 4
733 2940 837 2996 defruti
854 2959 870 2995 o
890 2941 984 2996 defriti
1005 2941 1097 2995 PAR
1187 2943 1381 3011 sesquilibram
1400 2943 1429 2995 in

287 3033 408 3086 culleum
428 3032 475 3085 Pb
494 3031 703 3100 scesquilibrem
724 3030 931 3100 (sexquilibram
951 3032 975 3098 c)
994 3031 1024 3084 in
1042 3017 1152 3084 culeum
1171 3031 1219 3084 Ac
1233 3031 1428 3099 sesquilibram

286 3122 316 3175 in
334 3121 444 3176 culeum
462 3122 496 3188 fo
604 3125 620 3173 5
638 3120 717 3174 indes
736 3119 764 3173 in
784 3119 905 3173 culleum
926 3119 1014 3173 PAR
1032 3119 1111 3173 indes
1134 3119 1163 3172 in
1183 3119 1323 3174 culeumo

287 3252 303 3301 s
322 3264 384 3300 eum
403 3245 508 3316 musso]
529 3250 562 3299 co
580 3247 673 3301 musco
692 3246 718 3298 A
791 3245 895 3300 notrum
915 3261 931 3298 o
949 3244 1062 3298 conum
1083 3244 1186 3310 ΡΜ
1199 3220 1311 3298 anam
1330 3244 1346 3297 o

286 3335 407 3390 culleum
426 3335 512 3390 musti
528 3335 575 3388 Pb
594 3335 704 3390 culeum
723 3335 807 3388 musii
821 3334 906 3400 Aeso
980 3340 995 3387 7
1015 3332 1167 3396 eominuibo
1184 3332 1232 3398 Pf
1245 3330 1428 3386 cumminnibo

285 3425 312 3476 A
332 3424 502 3479 comminuto
522 3425 558 3478 be
575 3424 753 3478 comunitov
831 3427 846 3476 8
867 3421 942 3476 dolio
962 3422 999 3475 bv
1017 3421 1098 3475 doleo
1117 3419 1216 3486 PAcf
1281 3418 1387 3487 pendat
1400 3419 1428 3471 A

329 3512 422 3566 resina
440 3518 474 3566 cii
493 3513 590 3581 (quum
605 3513 630 3579 b)
646 3511 818 3581 deliquesoab
830 3509 965 3565 indideris
979 3508 1051 3576 be
1063 3509 1157 3564 resine
1175 3525 1238 3562 cum
1252 3507 1429 3574 deliquescet

285 3599 388 3653 inderis
408 3602 434 3655 A
457 3601 549 3655 resine
573 3619 635 3655 cum
659 3582 834 3669 diliqnescab
852 3598 985 3653 indiderit
1003 3615 1017 3652 c
1040 3598 1132 3653 resina
1155 3597 1326 3666 deliquescab
1345 3595 1368 3648 si
1386 3596 1426 3648 in-

285 3687 392 3743 deriso
411 3688 502 3743 resina.
521 3688 746 3756 condeliquesceb
760 3731 766 3743 .
780 3687 914 3742 indideris
936 3687 1073 3743 Victorius

357 3784 389 3832 12
408 3778 440 3834 R.
459 3777 564 3831 XXVII
582 3776 686 3832 Vinum
705 3794 836 3848 graecum
855 3778 994 3845 quomodo
1012 3778 1063 3831 fiat
1077 3777 1155 3831 APb
1173 3775 1276 3831 Vinum
1296 3791 1426 3843 graecum

284 3870 313 3921 et
330 3867 492 3921 helueolnm
511 3882 566 3935 quo
585 3867 635 3921 fiet
653 3867 771 3921 modoo
862 3871 895 3920 13
915 3866 1035 3921 culleum
1056 3866 1139 3921 PAb
1159 3866 1268 3920 culeum
1287 3865 1337 3931 efc

285 3962 317 4010 14
335 3955 426 4011 indito
445 3973 495 4012 om.
518 3955 607 4010 VAR
686 3955 811 4032 modium
836 3955 892 4009 VR
911 3955 1067 4010 semodium
1085 3957 1113 4010 A
1194 3955 1223 4009 in
1241 3954 1348 4007 fiscella
1367 3952 1426 4005 PR

282 4045 312 4098 rn
330 4045 437 4100 fiscone
455 4044 503 4098 nv
595 4049 627 4098 15
650 4045 804 4099 neruorum
825 4044 905 4111 PAf
928 4043 1061 4099 erutorum
1079 4045 1115 4099 ce
1142 4043 1337 4099 netueoiumo
1454 4016 1465 4045 ⁸

281 4240 407 4295 inditos
430 4225 552 4310 apicitlm
569 4239 660 4294 indito
679 4240 707 4293 A
730 4239 814 4309 apicii
832 4239 921 4293 indito
945 4239 972 4292 V
992 4237 1077 4308 apicii
1094 4238 1154 4293 uini
1170 4238 1261 4293 indito
1286 4236 1423 4291 Victorius

268 4338 271 4344 '
364 4335 396 4384 1⁷
416 4328 552 4398 quidquid
573 4329 631 4384 PA
650 4328 784 4397 quiequid
801 4328 850 4381 Ro
893 4393 895 4397 Ι
932 4325 1085 4381 defrutebis
1109 4326 1238 4396 Ursinus,
1259 4323 1420 4380 defrudebis

289 4417 389 4484 l'Abf
401 4417 564 4473 dessudabis
583 4432 597 4469 c
