2994 5018
190 324 232 387 22
681 320 836 376 CATONIS

190 489 354 568 delphicam
374 496 403 548 et
423 491 553 568 cypriam
580 497 608 549 et
632 489 802 569 silvaticam,
826 507 918 549 nuces
942 489 1046 572 calvaS,
1070 489 1225 573 abellanas7
1248 508 1332 568 prae·

190 599 334 676 aestiuas,
358 614 488 677 graecas,
512 596 583 669 haec
608 596 696 656 facito
721 597 765 656 uti
788 603 933 655 serantur.
975 596 1099 656 fundum
1122 597 1278 676 urbanum,
1303 605 1333 656 et

190 706 241 783 qui
270 723 337 763 eum
366 703 491 763 fundum
519 702 614 762 solum
642 701 775 782 habebit,
804 704 844 761 ita
871 711 956 780 paret
984 705 1083 781 Itaque
1109 710 1259 783 conserat,
1288 704 1333 761 uti

191 829 278 889 quam
302 809 540 870 sollertissimum
562 807 677 868 habeat.

98 924 172 981 Vllll
281 916 387 975 Salieta
402 915 475 974 locis
490 916 617 994 aquosis,
637 916 772 995 umectis
791 915 948 993 umbrosis
964 922 1086 992 propter
1100 932 1200 974 amnes
1215 914 1256 973 ibi
1272 917 1332 973 seri
1362 926 1375 964 5

190 1030 321 1103 oportet3
349 1030 379 1082 et
406 1023 436 1081 id
460 1021 558 1081 videto
593 1023 637 1081 uti
664 1028 715 1081 aut
744 1022 862 1080 domino
891 1040 965 1100 opus
994 1023 1049 1080 siet
1072 1030 1123 1080 aut
1149 1028 1180 1080 ut
1203 1021 1332 1080 vendere

190 1130 291 1209 possit.
333 1137 417 1207 prata
440 1130 578 1207 laugha,
603 1130 628 1187 si
651 1146 757 1206 aquam
776 1127 907 1208 habebis,
931 1130 960 1187 id
980 1130 1166 1206 potissimum
1181 1128 1283 1188 facito:
1308 1131 1333 1187 si

191 1254 295 1314 aquam
315 1253 374 1295 uon
394 1234 524 1314 habebis,
549 1236 626 1294 sicca
642 1253 729 1312 quam
753 1233 879 1312 plurima
902 1236 999 1296 lacito.
1036 1235 1092 1294 boc
1116 1242 1160 1294 est
1179 1236 1334 1314 praedium

192 1343 269 1422 quod
294 1341 346 1402 ubi
370 1344 413 1400 vis
437 1340 556 1418 expedit
579 1340 684 1401 lacere.

149 1456 173 1512 X
280 1449 345 1520 Quo
370 1447 456 1507 modo
481 1446 591 1507 oletum
615 1448 678 1523 agri
696 1449 798 1525 iugera
823 1461 909 1508 coxa
928 1450 1077 1507 instruere
1093 1455 1234 1526 oporteat.
1272 1449 1334 1507 viIi·
1351 1460 1376 1496 10

191 1575 268 1636 cum,
292 1555 421 1634 vilicam,
441 1554 592 1630 operarios
612 1554 758 1634 quinque,
777 1553 923 1614 bubulcos
942 1569 995 1634 111,
1014 1512 1214 1634 asinarhil1,
1234 1554 1335 1614 subul-

192 1680 259 1721 cum
275 1677 300 1740 Ι,
320 1660 485 1753 ορίΙίοηθιῐιο
498 1674 518 1740 1,
542 1677 656 1719 summa
679 1660 814 1720 homiues
833 1675 910 1720 x111:
934 1659 1023 1720 boves
1043 1662 1147 1741 trium,
1171 1663 1269 1720 asinos
1289 1679 1335 1720 or·
1419 1684 1424 1691 ·

193 1775 276 1827 natos
309 1766 478 1827 clitellarios
511 1768 563 1845 qui
596 1773 711 1827 stercus
741 1774 859 1826 vectent
882 1769 967 1845 tris(
984 1769 1100 1827 asinum
1130 1771 1290 1827 molarium
1315 1783 1336 1848 r,

154 1876 171 1930 2
193 1892 262 1933 oves
278 1886 311 1933 c:
335 1892 401 1932 vasa
424 1871 534 1931 olearia
552 1873 698 1931 instructa
717 1873 784 1950 iuga
787 1888 834 1969 ,ᾗ
858 1872 985 1932 ahenum
1008 1872 1086 1951 quod
1101 1874 1198 1950 capiat
1212 1888 1242 1946 Q.
1258 1889 1337 1953 xxx,

192 1979 365 2058 operculum
385 1979 484 2059 aheni,
508 1997 601 2039 uncos
621 1979 734 2038 ferreos
755 1994 808 2059 111,
832 1997 938 2039 urceos
957 1981 1095 2058 aquarios
1109 1994 1159 2058 111,
1183 1980 1337 2040 ibidibula
1354 1997 1380 2035 15

264 2159 277 2204 1
297 2167 382 2204 nuces
400 2168 421 2204 o.
443 2155 495 2205 143
516 2150 590 2203 Plirt.
607 2154 651 2216 15,
665 2155 702 2204 90
794 2155 826 2203 10
846 2150 1006 2215 Quomodo
1026 2150 1130 2204 oletum
1156 2151 1236 2205 Varr.
1257 2152 1336 2206 Ila.

192 2245 235 2294 19.
255 2244 296 2295 22

264 2389 278 2434 1
298 2380 458 2449 delphicam
475 2378 519 2434 Vb
539 2380 681 2448 delphiam
695 2381 723 2433 A
742 2380 870 2433 deificam
888 2397 902 2433 c
975 2398 1106 2449 cypream
1124 2382 1152 2435 R
1172 2383 1295 2451 cipream
1310 2383 1337 2435 A

193 2487 305 2540 oypram
327 2469 354 2522 P
371 2468 541 2537 cyprioamo
618 2467 696 2522 2uti
715 2470 842 2521 scrantur
866 2467 921 2522 VR
939 2468 1097 2523 inserantur
1118 2471 1145 2523 A
1222 2471 1338 2525 fundum

192 2559 381 2613 suburbanum
399 2555 544 2612 Iacarrdas
616 2549 782 2610 tabeat'A

263 2652 280 2700 5
303 2648 335 2699 R.
360 2646 398 2698 XI
429 2645 534 2700 Salieta
563 2645 632 2699 locis
657 2646 768 2713 aquosis
791 2647 891 2715 APb,
918 2648 966 2702 boc
989 2649 1046 2702 loco
1068 2663 1118 2702 om.
1141 2665 1166 2702 o.
1193 2650 1338 2717 inscriptio

193 2737 293 2804 capitis
310 2735 353 2788 uti
373 2734 474 2789 salicta
492 2733 561 2788 loeis
581 2734 693 2801 aquosis
713 2737 840 2788 serantur
858 2741 921 2789 aute
940 2743 956 2788 2
976 2735 1093 2789 fundum
1113 2737 1209 2790 addita
1227 2741 1287 2790 erat
1305 2738 1337 2791 iri

192 2842 217 2892 a,
236 2825 322 2878 deleta
335 2842 354 2877 a
370 2823 511 2878 Politiarto
583 2823 700 2876 umectis
722 2823 799 2877 PAc
821 2823 958 2878 humectis
977 2826 992 2877 b
1011 2824 1109 2879 uiretis
1128 2841 1152 2878 o.
1191 2823 1337 2891 ‘Vmectis

192 2915 251 2967 siue
269 2913 439 2980 aspiratione
457 2912 489 2964 iro
507 2912 630 2979 antiquis
648 2912 726 2966 libris
743 2913 874 2980 scriptura
892 2912 937 2966 bic
955 2919 1006 2979 est,
1029 2914 1252 2981 quemadmodum
1270 2931 1338 2967 aori-

193 3002 279 3055 uallis
297 3002 361 3055 aliis
379 3002 411 3054 iri
429 3001 507 3064 locis,
532 3001 573 3053 ita
591 3005 680 3053 autem
698 3002 753 3066 fere
771 3002 903 3069 scriptum
920 3001 1065 3069 Vmorem,
1089 3003 1117 3056 et
1144 2998 1284 3068 Vmidum,
1308 3005 1340 3056 iri

189 3090 293 3159 priscis
311 3090 509 3156 exemplaribus
527 3090 651 3142 iaaeairi
664 3090 745 3154 docti,
763 3096 788 3143 et
801 3090 942 3158 dilipautes
960 3092 1018 3144 uiri
1032 3091 1249 3145 admonuerant.-
1268 3094 1340 3160 qaod

193 3178 251 3245 ipsc
273 3193 377 3244 quoque
393 3178 425 3230 ia
443 3177 552 3244 optimo,
571 3193 603 3229 ac
620 3178 802 3231 uetustissimo
816 3178 960 3246 dilipeatcr
973 3183 1120 3246 seruatam,
1139 3179 1337 3233 animaduerti

197 3264 335 3318 Victorias
430 3272 445 3318 a
469 3265 498 3318 et
516 3281 566 3318 om.
585 3265 626 3330 A,
652 3266 715 3320 add.
742 3265 797 3319 VR
886 3265 1010 3335 domino]
1036 3266 1150 3319 domum
1171 3268 1227 3320 PR
1255 3267 1339 3321 domii

193 3369 262 3408 corr.
282 3353 358 3408 domi
376 3354 403 3406 A
422 3352 518 3406 domui
536 3370 553 3407 o
625 3359 640 3407 7
660 3352 776 3421 irrigiua
797 3353 825 3405 P
841 3352 950 3420 inrigua
969 3355 996 3406 A
1015 3353 1120 3423 irrigua
1139 3354 1187 3408 Ro

252 3448 300 3495 210
319 3443 350 3497 u.
369 3440 421 3494 XII
441 3440 585 3506 Quomodo
605 3441 711 3495 oletum
730 3439 791 3510 agri
809 3440 906 3510 iugera
926 3439 1016 3494 CCXL
1036 3442 1172 3496 instruere
1192 3442 1339 3510 (instruere

194 3548 244 3585 out.
265 3532 291 3598 b)
311 3531 441 3599 oporteat
460 3531 540 3583 APb
560 3529 633 3593 Quot
651 3529 762 3582 uillicus
782 3546 942 3597 cansarum,
962 3533 1032 3598 quot
1045 3530 1131 3583 boues
1151 3530 1179 3582 et
1197 3531 1290 3584 asinos
1311 3534 1340 3584 et

195 3618 337 3671 ministros
356 3619 385 3670 et
404 3618 537 3672 utensilia
554 3616 657 3670 habere
677 3619 806 3685 oporteat
824 3635 839 3670 o
913 3617 972 3682 Quo
986 3617 1070 3672 modo
1084 3650 1119 3659 —
1133 3622 1263 3688 oporteat
1278 3627 1342 3688 post

194 3707 333 3761 rubricam
358 3722 407 3759 out.
433 3705 522 3758 VAR
607 3704 722 3758 uilicum
739 3705 852 3759 uilicum
874 3705 918 3760 Pe
940 3706 1062 3760 Vllicum
1080 3708 1195 3763 uilicum
1214 3709 1241 3762 A
1260 3710 1341 3764 Villi-

195 3812 258 3848 cum
277 3793 402 3848 uillicam
422 3794 437 3847 b
456 3792 568 3846 uillicus
588 3790 727 3848 uillicoso
802 3800 834 3846 12
854 3811 962 3848 summa
980 3796 1007 3851 h.
1026 3795 1092 3849 XIII
1113 3797 1213 3851 PAbc
1232 3817 1341 3853 summa

195 3885 293 3937 horum
308 3881 371 3935 ΧΠΙ
384 3883 406 3948 f,
421 3898 470 3936 om.
486 3899 510 3935 o.
564 3881 740 3935 honestrinos
755 3898 823 3935 corr.
840 3881 925 3935 boues
939 3882 1028 3936 trinos
1043 3884 1069 3936 A
1125 3891 1158 3938 13
1175 3884 1341 3941 clitellarios

200 3971 256 4026 VR
276 3969 428 4024 clitelarios
442 3970 469 4022 A
536 3970 684 4023 molarium
702 3987 751 4025 om.
772 3970 873 4035 VAR,
892 3972 955 4025 add.
974 3972 1062 4025 Varro
1081 3971 1149 4026 119
1224 3980 1257 4028 14
1272 3993 1342 4029 uasa

195 4057 300 4114 olearia
316 4056 453 4111 instructa
471 4057 537 4127 iuga
556 4058 678 4126 quinque
694 4058 721 4110 P
739 4075 806 4111 uasa
825 4058 979 4126 ollariaque
998 4060 1185 4116 instrumenta
1202 4064 1341 4117 habeato

249 4147 354 4202 olearia
369 4146 384 4200 b
399 4144 499 4200 oliaria
512 4146 581 4213 Aes
622 4151 654 4198 15
669 4145 814 4199 infidibula
830 4147 888 4200 PR
901 4148 1078 4203 infundibula
1092 4149 1148 4204 Ao.
1180 4151 1342 4206 ‘Infidibula

195 4237 229 4290 II.
271 4236 318 4290 Ita
344 4235 375 4288 iri
393 4235 606 4303 manuscriptis
624 4235 704 4289 libris
726 4251 781 4288 ario
801 4250 932 4289 coaseosa
950 4237 1082 4304 scriptam
1101 4241 1198 4293 iuueni
1215 4242 1341 4310 quemad-

195 4324 304 4377 modum
326 4324 447 4392 separati
471 4324 559 4391 eapite
581 4324 693 4387 daura,
717 4339 749 4376 ac
771 4324 863 4389 tertio,
886 4325 935 4379 abi
958 4327 1069 4392 exponit
1092 4328 1123 4381 iri
1147 4330 1214 4397 cella
1237 4331 1342 4384 olearia

196 4427 265 4481 qaae
282 4427 351 4480 opus
368 4411 443 4466 suut'
469 4410 605 4467 Viaortas
