2994 5018
456 338 503 392 DE
522 339 611 393 Aoni
630 340 801 396 ovarvnb
821 340 849 397 0.
870 345 998 402 37-39
1251 345 1295 409 45

152 502 302 564 fornacem
329 504 466 587 babebis,
493 506 545 568 ubi
574 507 664 568 iacias
692 508 812 589 lateres,
844 527 987 569 summam
1017 511 1138 570 statuite
1158 518 1209 570 aut
1232 529 1295 570 cae-

150 614 258 671 mentis
280 631 348 673 cum
367 612 429 673 luto
445 632 589 674 summam
609 617 795 677 extrinsecus
811 615 943 677 oblinito.
978 635 1049 676 cum
1073 619 1172 694 ignem
1196 615 1295 676 subdi·
1315 620 1335 676 4
1358 632 1360 637 ’

150 718 245 799 deris,
268 721 352 798 'siqua
375 719 491 780 llamma
515 721 607 782 exibit
626 724 684 783 nisi
703 741 756 801 per
776 722 877 783 orbem
894 742 1051 803 summum,
1075 722 1137 784 luto
1161 723 1293 784 oblinito.

150 833 256 885 ventus
285 825 319 885 ad
344 827 548 904 praefurnium
577 837 678 949 oaqqto
707 847 743 888 ne
768 828 900 889 accedat:
929 828 1002 889 inibi
1029 837 1162 889 austrum
1192 837 1293 889 caveto

122 933 284 992 ⁵maxime.
325 932 382 993 boc
397 935 554 1015 signierit,
578 934 630 995 ubi
644 935 708 995 calx
732 943 815 995 cocta
830 936 899 1014 erit,
920 954 1051 996 summos
1065 935 1178 1014 lapides
1193 943 1293 995 coetos

149 1055 214 1097 esse
239 1058 312 1118 opor
327 1039 401 1101 ebit:
425 1043 496 1101 item
520 1042 614 1100 intimi
628 1041 740 1119 lapides
764 1043 842 1103 cocti
866 1042 983 1122 cadent,
1007 1049 1037 1102 et
1060 1041 1175 1102 flamma
1195 1044 1293 1103 minus

149 1145 263 1205 fumosa
287 1047 388 1206 &it

239 1250 371 1330 Siligna
395 1261 426 1312 et
448 1255 545 1332 virgas
569 1272 629 1314 non
651 1257 764 1332 poteris
788 1254 915 1314 vendere
939 1271 1035 1331 neque
1059 1252 1186 1332 lapidem
1205 1253 1292 1315 habe·
1381 1298 1384 1305 -

149 1354 208 1435 bis,
232 1356 311 1416 unde
339 1359 449 1419 calcem
478 1379 602 1440 coquas,
630 1361 666 1420 de
690 1317 783 1438 tignis
812 1359 956 1449 carbones
980 1361 1113 1438 coquito,
1142 1362 1239 1440 virgas
1263 1369 1293 1421 et

112 1478 136 1514 10
151 1471 312 1543 sarmenta,
340 1483 415 1544 quae
440 1465 493 1525 tibi
516 1468 614 1526 usioni
637 1473 830 1546 supererunt,
854 1468 884 1525 in
908 1473 1008 1544 segete
1032 1465 1197 1527 conburito.
1239 1467 1292 1528 ubi

148 1586 196 1628 eas
220 1570 424 1653 conbusseris,
447 1573 490 1633 ibi
512 1591 640 1652 papaver
663 1575 762 1633 serito.

142 1746 144 1750 .
235 1676 290 1737 Vbi
319 1687 509 1758 tempestates
539 1679 631 1739 malac
657 1686 758 1757 erunt,
791 1696 860 1738 cum
888 1696 963 1756 opus
991 1678 1057 1737 lieri
1084 1696 1142 1738 non
1170 1681 1289 1759 poterit,
1302 1690 1452 1748 xxxvllll

146 1789 262 1844 stercus
281 1787 310 1845 in
332 1786 519 1847 stercilinum
538 1788 659 1864 egerito.
688 1784 796 1865 babile,
820 1784 904 1864 ovile,
929 1784 1090 1865 cobortem,
1105 1784 1200 1846 villam
1216 1785 1292 1845 bene
1397 1774 1399 1777 ⁵

146 1899 279 1967 purgato.
322 1893 399 1953 dolia
414 1891 534 1971 plumbo
551 1893 660 1952 vincito
679 1890 725 1950 vel
741 1892 862 1950 materie
883 1908 1013 1968 qucrnea
1033 1885 1056 1969 †
1075 1892 1211 1951 virisicca
1231 1892 1291 1951 alli·

119 2003 222 2073 agaso.
264 2000 289 2057 si
318 1998 393 2059 bene
423 2001 548 2059 sarseris
577 2007 628 2058 aut
656 1998 731 2057 bene
755 1997 920 2075 alligaveris
949 2004 978 2056 et
1002 1997 1032 2054 in
1056 1998 1146 2056 rimas
1165 1998 1291 2059 medica·

146 2082 278 2162 mentum
294 2104 437 2164 indideris
452 2105 586 2183 beneque
602 2107 755 2184 picaveris‚
770 2105 895 2182 quodvis
910 2102 1021 2163 dolium
1033 2105 1176 2162 vinarium
1192 2106 1289 2163 faeere

144 2227 182 2286 po
197 2212 265 2269 eris.
303 2211 550 2271 medicamentum
565 2214 596 2271 in
611 2210 721 2270 dolium
736 2211 792 2270 boo
809 2209 896 2269 modo
920 2210 1023 2269 facito:
1046 2227 1131 2269 cerae
1151 2225 1180 2269 Ρ.
1200 2224 1226 2289 1,
1245 2229 1290 2270 re-

144 2332 208 2373 sma
245 2331 273 2375 P.
292 2331 317 2396 1,
342 2316 473 2395 sulpuris
491 2332 521 2377 P.
544 2312 611 2377 o'c'.
652 2316 725 2376 haec
749 2319 846 2375 omnia
869 2318 900 2375 in
924 2314 1045 2376 calicem
1064 2333 1171 2376 novum
1187 2316 1290 2397 indito,
1310 2323 1329 2378 2

216 2529 232 2574 9
252 2521 345 2590 virgas
364 2523 393 2575 et
411 2523 552 2577 sarmento
572 2522 647 2576 Ptin.
667 2527 717 2587 18,
735 2525 796 2577 229

215 2724 387 2772 lsummam
407 2717 524 2772 statuite
547 2716 643 2771 PAR
670 2734 808 2771 summum
829 2716 981 2771 statuitur)
1071 2716 1205 2771 cementis
1225 2708 1311 2771 cum'

143 2804 202 2861 luto
217 2824 354 2861 summam
368 2807 429 2860 AR
448 2806 581 2862 cementis
601 2824 664 2866 cum
682 2807 742 2861 luto
764 2823 956 2873 summamque
972 2806 1000 2858 P
1017 2804 1137 2860 cementi
1151 2822 1296 2859 summam·

143 2911 204 2947 cum
224 2896 313 2952 lutoo
333 2896 466 2951 cementis
486 2913 548 2950 cum
566 2895 626 2950 luto
642 2914 780 2950 summum
796 2896 864 2950 Vici.
938 2895 1052 2950 3flams
1065 2895 1092 2947 A
1165 2896 1284 2949 bcoctos

142 2998 201 3037 esse
220 3001 257 3038 co
275 2986 332 3039 eod.
352 2985 440 3040 Lowr.
461 2989 504 3054 30,
523 2990 568 3054 10,
588 2988 700 3041 coactos
720 3001 780 3040 esse
801 2984 881 3039 PAb

212 3076 228 3125 8
250 3073 279 3127 a.
299 3072 374 3128 XLV
400 3073 431 3128 Si
458 3075 535 3144 ligna
562 3075 591 3128 et
617 3074 712 3142 uirgas
740 3091 796 3128 non
823 3074 929 3144 potoris
957 3074 1077 3128 uendere
1100 3073 1198 3140 APb,
1226 3074 1284 3128 sine

140 3162 254 3216 rubrica
272 3167 298 3216 et
315 3165 381 3217 novi
398 3165 500 3233 capitis
517 3164 656 3218 iudicioli
742 3168 881 3232 tuoquas
906 3162 962 3216 VR
979 3179 1105 3231 quoquas
1124 3161 1151 3213 A
1238 3177 1283 3214 co-

141 3249 220 3318 quito
245 3249 301 3304 VR
324 3253 460 3321 quoquito
479 3253 506 3305 A
579 3259 612 3307 to
632 3251 787 3307 comburito
812 3251 868 3304 VR
891 3251 1047 3306 cumburito
1065 3251 1093 3304 A
1167 3255 1283 3304 110011-

140 3339 262 3393 busseris
280 3341 308 3393 A
327 3341 512 3395 combusseris
537 3341 593 3394 VR
617 3366 622 3379 ·
664 3341 694 3394 in
712 3343 792 3408 (corr.
811 3340 862 3408 ibi)
880 3357 1006 3409 papauer
1024 3342 1050 3393 A

213 3435 245 3482 12
264 3430 296 3483 It.
315 3428 403 3482 XLVI
422 3429 476 3482 Ubi
494 3429 676 3498 tempestates
694 3430 768 3483 male
787 3431 869 3482 erunt
887 3428 954 3497 quid
969 3429 1029 3482 fieri
1041 3426 1130 3497 possit
1144 3426 1229 3496 (posit
1243 3427 1281 3494 A)

139 3516 221 3570 APb
259 3517 332 3582 Quid
355 3517 453 3572 confici
475 3535 525 3587 per
548 3517 745 3587 tempestatem
765 3515 901 3570 debeata
1010 3521 1042 3569 13
1061 3516 1091 3569 in
1110 3514 1281 3568 stercilinum

142 3622 250 3690 PAbf
262 3624 292 3677 in
311 3610 523 3679 stercilinium'c
541 3624 575 3679 de
590 3622 796 3692 sterquilinioo
869 3600 992 3679 codrtem
1006 3622 1034 3675 A
1106 3613 1282 3691 quelleamA

171 3707 174 3712 ’
210 3712 338 3766 uirisiccs
357 3714 459 3782 PAcf
485 3713 633 3769 uirisioab
665 3714 694 3767 et
720 3712 773 3767 uiti
798 3715 873 3766 sicca
894 3727 919 3766 c.
963 3710 1015 3784 ‘Io
1031 3711 1234 3781 antiquissimo,
1257 3717 1282 3765 et

139 3801 240 3869 optimo
263 3803 352 3856 codiee
374 3803 433 3856 siue
456 3803 644 3857 coniunctione
667 3800 721 3855 uiri
740 3801 821 3857 sicca.
859 3802 933 3856 loeus
951 3805 1054 3867 tameo,
1078 3802 1109 3855 in
1131 3817 1160 3854 eo
1178 3816 1281 3869 quoque

139 3894 205 3943 nota
232 3891 322 3943 mendi
349 3892 489 3959 adposito,
516 3892 648 3960 sipnotus.
695 3890 757 3945 Hoc
783 3891 856 3944 euim
883 3878 985 3958 semper
1012 3890 1137 3944 seruauit
1163 3889 1280 3956 dilipeus

139 3979 285 4045 librarius,
312 3982 343 4032 ut
366 3995 433 4048 quos
455 3980 525 4033 locos
547 3984 683 4047 suspectos
704 3978 824 4044 baberet,
847 3979 944 4032 notula
966 3977 1112 4034 indicaret'
1143 3976 1280 4032 Victorius

210 4073 243 4122 15
261 4066 460 4122 medicomtum
474 4066 569 4135 priore
588 4067 644 4121 loco
662 4067 689 4119 A
777 4072 809 4120 16
832 4065 986 4136 piccsueris
1004 4068 1032 4120 A
1120 4072 1152 4121 17
1171 4082 1233 4120 cere
1252 4065 1280 4119 A

138 4173 246 4211 caerae.
261 4157 287 4210 V
302 4173 364 4229 cere
384 4157 399 4210 b
419 4170 515 4229 cerac
596 4159 628 4209 18
648 4154 768 4222 sulpuris
786 4155 834 4208 Ac
852 4155 993 4225 sulphuris
1012 4156 1051 4223 bf
1064 4155 1177 4208 sulfuris
1201 4154 1279 4219 Vici„

137 4248 166 4300 et
190 4246 329 4315 sulphuris
354 4244 384 4300 V.
407 4242 526 4298 ‘testari
549 4242 630 4296 etium
652 4242 778 4296 uolumus
801 4247 826 4296 et
843 4244 898 4309 bic,
922 4247 947 4296 et
964 4244 1118 4312 ubicmque
1136 4244 1168 4297 in
1181 4258 1278 4311 peroc-

137 4340 209 4390 tusto
227 4336 277 4389 boc
294 4335 433 4389 potamiae
450 4351 482 4388 eo
500 4347 557 4386 uox
575 4335 625 4402 eat,
649 4331 762 4401 Sulpur,
781 4347 882 4402 seraper
899 4333 1032 4400 scriptum
1050 4332 1114 4386 esse’
1141 4331 1278 4386 Victorius

208 4425 238 4481 P.
258 4424 313 4478 c'c’
336 4424 436 4491 PAcf
449 4423 478 4478 P.
498 4422 540 4476 OC
559 4423 575 4475 b
594 4423 703 4492 partem
721 4421 836 4475 XXXIII
854 4439 871 4476 u
