2994 5018
439 345 487 398 DE
506 343 594 400 AGRI
613 345 785 401 C‘VLTVRA
807 346 834 401 Ο.
855 347 1003 404 95-102
1249 350 1291 413 69

237 509 416 571 Vestimenta
436 530 474 571 ne
498 514 587 572 tiniae
607 520 736 590 tangant.
765 470 915 574 amurcam
939 516 1098 593 decoquito
1114 516 1149 575 ad
1165 516 1248 575 dimi·
1269 516 1451 576 LXXXXVlil

146 615 236 696 dium,
260 634 293 675 ea
317 620 441 696 unguite
461 618 586 679 fundum
605 638 690 680 areae
710 628 739 681 et
759 622 946 681 extrinsecus
961 631 990 681 et
1009 624 1099 700 pedes
1115 630 1144 683 et
1159 623 1289 701 angulos.

147 721 199 782 ubi
213 741 246 783 ea
261 724 420 806 adarnerit,
443 729 618 787 vestimenta
633 727 761 787 condito.
800 730 825 788 si
848 730 888 788 ita
913 730 1027 810 Venerio,
1052 732 1141 790 tiniae
1161 749 1219 790 non
1239 750 1289 792 no·

145 829 263 891 oebunt.
306 840 335 892 et
359 834 430 891 item
449 831 576 909 ligneam
600 832 815 911 supellectilem
829 852 947 894 omnem
971 838 996 895 si
1011 854 1138 915 ungues,
1162 855 1221 896 non
1236 851 1326 915 pua

117 944 252 1017 steseet‚
282 946 312 998 et
340 958 408 999 oum
437 958 470 999 ea
497 942 634 1020 terseris,
664 939 834 1018 splendidos
858 944 915 1001 tiet.
958 944 1029 1002 item
1058 943 1168 1002 ahenea
1192 946 1289 1004 omnia
1403 1017 1404 1020 Ἴ

144 1047 277 1125 unguito‚
301 1046 353 1106 sed
371 1048 457 1125 prius
481 1054 633 1124 extergeto
656 1046 740 1107 bene.
777 1056 880 1125 postea
903 1067 972 1108 enm
995 1051 1129 1125 unxeris,
1154 1068 1221 1108 oum
1245 1051 1289 1109 uti

144 1149 237 1231 voles,
261 1159 421 1231 extergeto.
464 1152 647 1232 splendidior
670 1155 740 1233 erit,
764 1161 794 1213 et
817 1173 926 1232 aerugo
951 1174 1009 1214 non
1033 1157 1090 1214 erit
1112 1155 1244 1215 molesta.

232 1258 296 1320 Fioi
318 1260 417 1320 aridae
441 1262 467 1320 si
490 1259 571 1320 voles
585 1261 630 1322 uti
644 1261 776 1338 integrae
791 1262 859 1341 sint,
883 1263 913 1320 in
928 1280 978 1320 vas
997 1261 1087 1321 fictile
1103 1262 1229 1322 condito.
1254 1263 1448 1321 txxxxvlrll

143 1367 173 1426 id
198 1385 317 1427 amurca
340 1366 463 1427 decocta
486 1368 619 1444 unguite.

103 1486 129 1524 10
232 1472 337 1533 Oleum
360 1475 386 1533 si
410 1476 440 1533 in
465 1481 620 1534 metretam
640 1491 744 1533 novam
763 1473 914 1533 inditurus
929 1475 1003 1551 eris,
1027 1493 1161 1550 amurca,
1185 1477 1225 1536 ita
1240 1478 1285 1536 uti
1309 1478 1326 1533 d

143 1587 188 1640 est
211 1579 316 1660 cruda,
340 1583 425 1658 prius
448 1580 579 1641 oonluito
604 1583 771 1659 agitatoque
796 1581 859 1660 diu,
884 1587 917 1640 ut
936 1580 1012 1641 bene
1031 1581 1179 1643 conbibat.
1216 1583 1244 1642 id
1262 1585 1287 1643 si

142 1686 263 1766 seceris,
288 1694 412 1747 metreta
436 1687 535 1748 oleum
558 1706 617 1747 non
641 1687 731 1767 hibor,
756 1697 786 1747 et
805 1687 902 1748 oleum
922 1687 1028 1748 melius
1049 1689 1145 1770 faciet,
1171 1693 1287 1769 etipsa

142 1800 267 1854 metreta
290 1795 404 1855 tirmior
428 1797 495 1856 erit.

230 1900 333 1980 Virgas
357 1913 488 1962 murteas
513 1905 538 1962 si
563 1901 642 1962 voles
662 1921 730 1962 oum
745 1901 826 1962 boris
841 1922 959 1964 servare
975 1911 1005 1965 et
1019 1906 1090 1964 item
1104 1904 1177 1964 aliut
1191 1886 1285 1983 genus
1305 1914 1335 1970 ol

103 2026 129 2066 ra
144 2007 223 2086 quod
247 2010 305 2089 vis,
330 2015 360 2068 et
383 2011 409 2068 si
432 2008 562 2069 ramulos
586 2008 728 2099 fioutnoos
753 2008 833 2069 voles
857 2028 925 2069 oum
949 2009 1039 2090 soliis,
1067 2013 1146 2071 inter
1170 2031 1202 2071 se
1225 2012 1285 2072 aili-

142 2122 217 2194 gato,
242 2114 400 2176 iasoioulos
415 2116 512 2196 facito,
536 2134 587 2175 eos
602 2117 632 2174 in
647 2133 798 2175 amurcam
813 2116 969 2198 demittito,
989 2137 1079 2196 supra
1094 2125 1151 2178 stet
1166 2137 1285 2179 amurca

143 2221 238 2282 iaoito.
277 2222 329 2282 sed
353 2242 386 2283 ea
411 2241 486 2302 quae
511 2223 696 2282 demissurns
720 2225 780 2282 eris
800 2225 908 2283 sumito
923 2223 1011 2301 paulo
1027 2224 1188 2285 acerbiora.
1226 2244 1285 2306 vae,
1347 2251 1361 2297 ,·

142 2345 201 2404 quo
225 2329 407 2408 condideris,
431 2328 554 2389 oblinito
577 2328 671 2408 plane.
1093 2407 1096 2412 Ι

231 2434 263 2493 Si
287 2435 390 2496 hovem
414 2445 464 2497 aut
488 2437 574 2497 aliam
602 2439 736 2516 quamvis
765 2437 987 2516 quadrupedem
1012 2456 1134 2516 serpens
1159 2458 1283 2499 momor-
1305 2445 1349 2501 cll

214 2648 226 2695 1
248 2641 422 2699 Vestimenta
444 2662 479 2698 ne
503 2643 596 2699 tineae
619 2644 740 2713 tangant
763 2645 839 2697 Pau
861 2648 904 2710 15,
923 2647 959 2698 33
1067 2650 1083 2698 8
1106 2646 1165 2700 Fiei
1188 2646 1283 2701 aridae

142 2731 218 2786 Ptin.
237 2735 286 2801 15,
306 2736 341 2787 34
423 2741 455 2789 10
475 2735 574 2790 Oleum
593 2733 618 2787 si
636 2735 665 2787 in
684 2735 831 2788 metretam
852 2734 928 2789 Plio.
948 2738 991 2800 15,
1012 2738 1046 2788 33
1129 2740 1162 2787 14
1181 2734 1282 2805 Virgas

140 2822 262 2874 mortens
283 2823 359 2877 Pota.
379 2829 423 2890 15,
439 2828 477 2877 34

140 2952 244 2960 --—.
254 2955 351 2961 ..-——-

211 3024 225 3071 1
241 3017 272 3071 R.
288 3017 362 3072 CVII
375 3019 552 3074 Vestimenta
565 3036 601 3072 ne
615 3018 701 3072 tiniae
716 3019 837 3087 tangant
850 3017 932 3072 APo
952 3017 1127 3072 Vestimenta
1141 3035 1175 3071 ne
1190 3019 1282 3073 tineae

139 3108 291 3177 tangente
386 3108 473 3162 tiniae
493 3108 572 3175 PAf
585 3107 678 3162 tineae
697 3109 753 3162 bro
835 3124 947 3161 amurca
965 3107 992 3160 A
1012 3124 1079 3162 corr.
1099 3114 1145 3160 -oa
1164 3107 1204 3159 A²

139 3195 262 3251 atiniae
283 3197 375 3250 PAR
393 3197 521 3251 tineaeo
629 3195 887 3266 isuppelleotiiem
907 3197 954 3249 Ae
1061 3198 1189 3265 putescat
1207 3197 1283 3252 PAo

139 3286 281 3352 putrescet
299 3286 314 3339 b
333 3287 509 3354 putresoeto
600 3287 741 3340 tahenea
762 3286 828 3351 Pef
851 3300 938 3338 aenea
957 3285 994 3337 do
1022 3285 1130 3340 ahenea
1147 3286 1174 3339 A

210 3379 226 3428 8
245 3374 277 3429 R.
297 3373 383 3429 CVIII
407 3373 465 3429 Fici
488 3375 565 3429 aride
589 3377 620 3427 ut
641 3375 750 3443 integre
774 3373 830 3427 sint
847 3372 874 3425 A
902 3372 961 3426 Fici
979 3371 1076 3426 aridae
1095 3374 1137 3427 uti
1154 3375 1282 3444 integrae

58 3474 68 3496 ·
139 3464 196 3519 sint
216 3465 243 3516 P
261 3463 321 3518 Fici
340 3466 417 3519 aride
436 3465 478 3518 uti
496 3465 605 3535 integre
623 3465 692 3519 fiant
711 3466 725 3518 b
745 3462 805 3516 Fioi
822 3463 917 3516 aridae
936 3464 968 3516 ut
985 3462 1111 3531 integrae
1131 3461 1217 3518 sinto

138 3555 170 3605 ut
188 3553 313 3622 integrae
333 3553 391 3608 sint
414 3553 506 3608 VAR
1140 3562 1142 3567 ’

212 3646 244 3694 10
263 3641 294 3695 R.
315 3641 416 3696 CVIIII
440 3639 539 3696 Oleum
560 3641 583 3696 si
602 3642 631 3695 in
650 3642 798 3695 metretam
821 3641 907 3694 addes
924 3640 952 3693 A
965 3641 1047 3706 Vter,
1072 3641 1170 3695 Oleum
1194 3641 1281 3694 sicin

139 3731 287 3784 metretam
311 3731 398 3784 addes
419 3731 447 3783 P
474 3731 570 3785 Oleam
595 3730 669 3784 siin
693 3731 875 3784 metretamd
905 3729 1001 3783 Oleum
1027 3730 1114 3783 sicin
1133 3731 1280 3783 metretam

138 3818 252 3872 indeso
333 3818 357 3871 si
374 3818 404 3872 in
423 3820 483 3873 AR
502 3820 541 3873 sio
559 3827 571 3874 i
590 3838 619 3889 o,
638 3821 687 3873 ubr'
706 3836 720 3872 1
739 3820 863 3873 delevisse
880 3820 988 3872 uidetur·
1008 3819 1036 3871 P
1113 3825 1143 3871 11
1165 3817 1279 3872 oolluito

69 3924 72 3929 ’
145 3907 245 3973 VAof
258 3906 363 3961 ooluito
382 3924 396 3962 c
468 3909 580 3964 odbibat
598 3927 614 3962 1
633 3908 746 3962 oduibat
766 3908 794 3960 P
812 3907 943 3961 conuibat
960 3907 1020 3961 AR

212 4003 244 4051 14
262 3995 294 4050 R.
315 3996 363 4052 CX
381 3995 481 4067 Virgae
500 4001 622 4052 murteas
641 3999 776 4066 (mureeas
790 3998 816 4064 b)
834 3995 878 4051 uti
897 4014 989 4052 serues
1007 3997 1078 4051 Item
1096 3997 1174 4051 aliud
1192 4013 1279 4065 genus

138 4087 220 4142 APb
240 4086 340 4157 Virgae
360 4083 480 4156 myrter
499 4085 541 4139 uti
560 4104 663 4140 seruesr
683 4085 752 4140 item
770 4086 848 4140 aliud
866 4071 989 4156 genoso
1084 4084 1161 4139 bacis
1182 4085 1285 4152 Paos

138 4177 230 4232 baccis
250 4194 284 4231 co
355 4175 427 4230 aliut
447 4175 475 4228 P
492 4174 569 4229 aliud
587 4175 635 4229 Ro
654 4174 724 4229 alios
743 4175 770 4228 A
845 4180 875 4230 17
895 4175 950 4229 erit
968 4179 994 4228 A
1014 4191 1083 4229 corr.
1103 4172 1157 4227 eris
1176 4172 1217 4226 A²

140 4289 172 4337 18
192 4284 260 4354 quo]
279 4306 298 4350 ᾳ
316 4283 344 4336 Α
362 4299 430 4337 sorr.
451 4275 469 4352 (⁰1
487 4282 528 4335 Α2

211 4378 242 4425 19
262 4372 293 4425 it.
313 4371 372 4425 CXI
397 4371 427 4425 Si
445 4373 547 4427 bouem
566 4373 615 4426 ant
634 4371 718 4425 aliam
737 4372 945 4441 quadrupedem
966 4385 1078 4438 serpens
1097 4367 1279 4423 momorderit

137 4461 220 4516 APb
240 4461 269 4514 Si
287 4461 388 4515 bouem
407 4461 548 4531 aliamque
567 4461 777 4531 quadrupedem
795 4477 909 4532 serpens
928 4458 1108 4514 momorderit
1125 4476 1142 4515 o
1248 4491 1254 4501 ·

1223 4572 1251 4615 ἱ
