2994 5018
199 333 242 396 82
691 333 847 388 CATONIS

199 502 344 579 aestiuas,
368 499 531 580 platanum,
555 500 627 559 baec
652 502 749 560 omnia
774 518 881 578 genera
906 519 931 573 a
946 499 1093 578 capitibus
1113 503 1270 578 propagari
1284 503 1348 561 exi-

198 609 298 685 mique
322 607 357 666 ad
382 607 461 666 huuc
485 606 605 666 modum
630 606 788 686 oportebit.
826 625 901 685 quae
925 605 1097 684 diligentius
1116 609 1176 666 seri
1200 606 1290 684 voles,
1315 609 1349 666 in

159 717 177 774 3
198 713 341 774 calicibus
365 716 424 773 seri
448 721 573 792 oportet.
612 716 641 773 iu
667 713 832 794 arboribus,
857 713 972 772 radices
996 715 1041 773 uti
1064 714 1193 793 capiant,
1222 714 1349 774 calicem

198 826 352 898 pertusum
374 824 481 880 sumito
506 821 561 881 tibi
580 829 630 881 aut
645 821 816 900 quasillum:
840 839 894 899 per
909 839 977 880 eum
994 819 1140 880 ramulum
1155 827 1349 882 transseriIo:
1434 823 1439 831 ‘

197 946 265 987 eum
290 928 447 1006 quasillum
471 936 550 987 terra
574 927 685 1005 inpleto
710 927 894 1007 calcatoque,
918 929 948 986 In
963 926 1069 986 arbore
1084 925 1254 1005 relinquito.
1292 927 1380 988 ubis

135 1062 137 1066 ·
196 1034 309 1095 birnum
337 1037 408 1114 erit,
437 1046 552 1099 ramum
576 1043 712 1095 tenerum
743 1035 819 1094 infra
848 1033 1025 1113 praecidite,
1054 1052 1122 1093 cum
1151 1034 1277 1112 quasillo
1303 1053 1350 1095 se-

199 1143 265 1201 rito.
304 1160 338 1202 eo
362 1141 449 1201 modo
474 1142 552 1220 quod
576 1144 620 1201 vis
644 1159 738 1220 genus
762 1140 901 1200 arborum
926 1140 1023 1200 Iacere
1042 1140 1155 1218 poteris
1170 1142 1215 1199 uti
1229 1141 1351 1200 radices

157 1252 177 1308 4
197 1246 273 1306 beue
297 1246 432 1308 habeant.
451 1250 541 1336 ¹item
566 1250 655 1308 vitem
686 1250 716 1306 in
740 1247 897 1326 quasillum
922 1254 1081 1326 propagato
1106 1254 1245 1325 terraque
1269 1246 1350 1307 bene

197 1356 325 1434 operito,
350 1373 427 1415 anno
450 1365 518 1434 post
541 1355 717 1434 praecidite,
742 1373 810 1415 cum
835 1354 921 1433 qualo
946 1355 1045 1413 serito.

52 1472 181 1529 cxxxiv
288 1460 466 1541 Priusquam
495 1464 614 1522 messim
644 1463 747 1541 iacies,
774 1479 895 1539 porcam
924 1460 1148 1539 praecidaneam
1176 1460 1232 1520 hoc
1257 1461 1395 1522 modom

199 1568 264 1626 lieri
288 1576 414 1648 oportet.
452 1569 555 1629 Cereri
579 1568 681 1647 [porca
697 1566 906 1646 praecidanea]
920 1585 1012 1646 porco
1028 1567 1148 1647 lemica,
1171 1569 1350 1646 priusquam

197 1673 286 1745 hasce
311 1674 412 1753 fruges
436 1676 559 1757 condas,
580 1677 638 1757 lar,
661 1677 807 1753 triticum,
832 1673 990 1753 hordeum,
1015 1673 1119 1755 labam,
1144 1692 1244 1734 semen
1269 1677 1350 1753 rapi-

197 1782 284 1840 cium.
327 1780 394 1842 tdre
422 1785 490 1842 vino
518 1782 587 1843 lano
615 1781 676 1841 lovi
704 1781 810 1841 lunoni
839 1780 985 1859 praelato,
1018 1781 1193 1858 priusquam
1219 1799 1351 1858 porcum

158 1887 334 1950 ilemInam
358 1888 523 1949 inmolabis.
560 1887 629 1947 lano
659 1895 772 1948 struem
801 1894 966 1947 ommoveto
996 1888 1051 1966 sic,
1081 1883 1160 1946 ‘lane
1188 1895 1288 1967 pater,
1319 1897 1350 1952 te

194 1994 249 2054 bac
274 2002 356 2055 strue
380 1995 572 2055 ommovenda
601 1994 694 2054 bonas
718 2013 824 2073 preces
853 2012 972 2074 precor,
1002 1995 1046 2053 uti
1069 1995 1128 2053 sies
1151 1993 1253 2054 volens
1277 2013 1394 2073 pro-15

194 2103 286 2179 pitius
311 2102 385 2161 milri
407 2102 569 2181 liberisque
594 2105 667 2162 meis
691 2103 778 2162 domo
804 2101 989 2180 familiaeque
1009 2095 1111 2159 meae?
1149 2101 1259 2160 sertum
1283 2102 1349 2162 Iovi

195 2216 359 2268 ommoreto
375 2216 404 2267 et
425 2217 551 2268 mactato
571 2211 622 2288 sic,
647 2204 801 2288 luppiter,
826 2217 854 2268 te
877 2208 934 2267 hoc
958 2208 1033 2267 lerto
1054 2207 1236 2267 obmoveudo
1251 2207 1349 2268 bonas

194 2332 299 2392 preces
324 2333 443 2394 precor,
468 2317 512 2375 uti
536 2317 595 2375 sies
614 2315 715 2375 volens
729 2317 877 2395 propitius
893 2314 965 2374 milri
980 2313 1141 2393 liberisque
1157 2315 1231 2373 meis
1256 2313 1347 2374 domo

156 2430 174 2486 3
195 2421 382 2499 familiaeque
406 2440 489 2482 meae
513 2430 628 2482 mactus
650 2422 707 2482 boc
731 2418 828 2482 ferto'.
865 2429 967 2500 postea
991 2420 1060 2480 lano
1080 2423 1180 2480 vinum
1195 2421 1262 2480 dato
1288 2423 1344 2502 sic,

194 2581 407 2588 ..............-.-,

264 2671 281 2717 4
301 2664 403 2718 sumito
424 2665 470 2719 Ac
541 2665 590 2717 aut
609 2663 762 2734 quasillum
776 2664 836 2717 Aa
855 2666 905 2718 aut
924 2663 1063 2733 quasilum
1078 2663 1106 2716 P
1120 2664 1170 2716 aut
1188 2663 1346 2732 quassilum

192 2769 216 2806 r.
256 2752 326 2805 ‘Aut
344 2751 503 2820 quasillum.
541 2752 588 2806 Ito
607 2769 672 2806 sorte
694 2758 733 2807 est
755 2755 787 2806 iri
809 2770 894 2806 rocoa
913 2753 1036 2820 scriptis,
1065 2758 1091 2806 et
1117 2753 1158 2805 ito
1182 2752 1235 2822 lepi
1258 2753 1345 2821 debet,

194 2856 251 2894 nors
266 2839 443 2907 Quassillum,
462 2846 493 2893 ut
511 2840 543 2893 iri
561 2841 698 2908 impressis
716 2841 760 2893 bie
777 2857 879 2908 semper
898 2840 971 2894 erat’
991 2839 1130 2893 Victorius
1183 2905 1185 2913 y
1214 2859 1265 2910 per
1278 2857 1345 2896 eum

192 2945 329 2997 operes
351 2927 447 2980 PAR
518 2927 682 2981 transserito
702 2928 759 2981 PR
777 2927 940 2982 transierim
959 2928 1008 2981 Ao
1081 2928 1266 2996 bquasillum
1280 2931 1345 2984 AB
1446 2985 1450 2991 ,

193 3014 347 3086 quassilum
372 3016 397 3068 V
484 3014 591 3082 inpleto
611 3016 637 3068 A
663 3014 754 3084 ipleio
779 3016 806 3069 V
827 3015 943 3085 impleto
961 3015 989 3069 a
1079 3017 1220 3071 dbimum
1241 3018 1346 3074 PAbc

193 3105 316 3159 bienium
336 3102 512 3170 fbiennium
531 3121 546 3157 c
620 3103 740 3171 quasillo
755 3105 816 3159 AR
836 3104 943 3173 quasilo
961 3103 988 3156 P
1006 3103 1129 3171 quassilo
1148 3122 1164 3159 a
1236 3109 1253 3158 8
1272 3124 1345 3176 qna·

192 3211 286 3266 sillum
305 3211 366 3264 AR
386 3208 525 3280 quasilum
547 3210 575 3263 P
593 3209 780 3279 quassilumr
851 3211 993 3282 terraque]
1008 3198 1085 3278 troq3
1104 3210 1131 3263 A

264 3325 297 3372 10
316 3319 348 3372 R.
369 3316 480 3372 CXLIII
498 3319 588 3386 spatio
611 3319 801 3388 inscriptionis
819 3336 905 3374 raeco
923 3319 1016 3372 relicto
1035 3318 1062 3371 A
1091 3317 1250 3387 Antequam
1269 3337 1344 3376 mes·

194 3425 252 3462 sem
271 3405 391 3476 incipias
411 3406 443 3459 ut
461 3423 576 3474 porcum
595 3407 811 3477 praecidaneam
831 3408 918 3462 facias
935 3425 961 3474 o,
981 3407 1030 3460 abi
1047 3408 1132 3460 vacat
1151 3408 1301 3477 adscripsit
1317 3410 1348 3463 P

194 3499 354 3564 Antequam
372 3513 492 3550 messem
511 3495 631 3566 incipias
650 3499 682 3550 ut
699 3513 812 3566 porcam
832 3496 1044 3566 praecidaneam
1065 3495 1152 3549 facias
1172 3496 1268 3551 bViet.

191 3585 303 3640 messim
323 3585 440 3651 areca,
460 3601 580 3638 messem
605 3585 630 3637 V
645 3586 743 3640 messis
761 3587 788 3639 A
879 3593 909 3639 11
933 3585 1026 3640 Cereri
1050 3600 1137 3653 porea
1155 3584 1346 3654 praecidanea

190 3676 299 3729 seclusit
322 3673 475 3728 Pontedera
499 3691 529 3742 p.
551 3678 586 3729 73
677 3673 768 3729 Cereri
794 3676 851 3737 tlt
880 3675 954 3730 cerei
972 3675 999 3728 A
1091 3680 1123 3727 12
1142 3675 1226 3729 hasce
1246 3675 1344 3747 fruges

191 3764 347 3818 condantur
370 3763 465 3817 VAR.
504 3764 589 3818 haece
618 3763 712 3832 fruges
741 3766 896 3818 condantur
919 3769 943 3819 et
971 3763 1068 3818 deinde
1095 3752 1162 3818 faba
1186 3765 1296 3834 Popmu
1318 3773 1345 3820 et

193 3854 348 3909 Pontedera
419 3852 554 3907 hordeum
573 3855 643 3931 Apf
661 3855 777 3907 ordeum
800 3855 843 3907 Vb
916 3853 1050 3922 capicium
1075 3853 1119 3908 Vb
1138 3852 1274 3922 capitium
1293 3857 1344 3910 Ac

262 3967 296 4014 13
315 3963 396 4016 thure
422 3961 509 4014 VAR
582 3961 680 4015 Iunoni
698 3962 794 4015 delevit
814 3962 956 4015 Meursius
1037 3959 1175 4030 praefato]
1195 3959 1343 4029 praefecto

190 4057 221 4105 ui
239 4052 347 4105 ridetur
365 4052 392 4103 A
476 4057 508 4104 14
527 4050 677 4105 inmolabis
696 4067 710 4103 e
728 4048 888 4103 immolabis
913 4049 994 4102 VAb
1076 4053 1224 4104 edmoueto
1250 4049 1344 4106 VAR

191 4145 224 4194 15
244 4139 430 4193 ommouenda
450 4138 529 4193 PAc
548 4138 749 4192 commonenda
769 4139 822 4205 bfo
895 4146 960 4204 poss
979 4141 1046 4205 poor
1055 4137 1091 4204 A,
1110 4137 1173 4190 itero
1189 4142 1286 4204 postea

192 4290 223 4337 16
242 4282 346 4336 fertum
365 4279 425 4333 Ioui
441 4281 554 4342 moneto
570 4278 654 4334 VAIt
728 4284 759 4332 17
778 4277 901 4348 iuppiter
915 4279 953 4331 be
971 4238 1074 4346 iubiter
1084 4278 1120 4345 A,
1139 4278 1247 4352 Iupiter
1265 4278 1293 4331 V

190 4371 262 4426 ferto
282 4371 457 4425 obmouendo
478 4370 531 4436 bfv
557 4368 645 4422 fereto
665 4367 840 4420 obmouendo
861 4368 939 4421 PAe
1029 4372 1062 4420 18
1081 4367 1122 4420 nti
1143 4367 1197 4422 sies
1217 4368 1271 4435 bfo
1298 4370 1341 4426 uti

190 4461 227 4515 sis
249 4461 326 4514 PAe
387 4465 431 4512 <19
451 4459 505 4512 hoc
523 4458 594 4510 ferto
618 4456 660 4508 Vc
679 4456 732 4509 boe
751 4455 839 4510 ferato
858 4455 931 4522 Ass
997 4455 1076 4525 dato}
1096 4457 1180 4510 domo
1200 4458 1226 4510 A
