2994 5018
211 335 251 400 rc
271 302 275 310 ’
699 336 855 390 caronis

171 508 189 563 2
298 503 405 564 Vinum
429 504 464 564 ad
489 503 586 564 alvum
604 504 778 564 movendam
797 506 983 564 concinnare.
1021 507 1095 566 vites
1115 524 1182 566 cum
1198 505 1356 585 ablaquea-

210 609 333 688 buntur‚
359 613 473 689 signato
498 611 626 691 rubrica,
650 629 686 671 ne
706 612 869 672 admisceas
884 630 952 672 cum
967 619 1067 672 cetero
1083 613 1159 672 rino.
1197 614 1252 672 tris
1267 613 1356 674 lasci-

210 717 292 778 culos
316 720 425 778 veratri
448 720 506 779 atri
529 721 746 797 circumponito
769 721 883 779 circrrm
907 719 1022 779 radices
1046 727 1076 779 et
1099 727 1208 780 terram
1228 721 1357 799 insuper

210 827 320 886 inicito.
358 844 411 903 per
444 827 621 886 vindemiam
649 826 685 886 de
713 827 750 886 iis
779 825 889 886 vitibus
918 826 996 905 quod
1026 826 1185 905 delegeris,
1219 845 1359 888 seorsum

211 940 339 1012 serrato,
367 940 484 1011 cyatum
512 935 543 993 in
566 942 695 993 ceteram
723 935 874 1011 potionem
897 933 1000 993 indito.
1043 932 1138 993 alvum
1168 933 1299 994 movebit
1327 942 1388 995 et5

210 1039 354 1116 postridie
379 1039 573 1117 perpurgabit
597 1041 660 1099 sine
684 1039 825 1118 periculo.

116 1153 194 1210 cxv}
302 1144 418 1205 Lentim
443 1165 501 1224 quo
525 1146 612 1206 modo
633 1148 744 1224 servari
758 1154 901 1225 oporteat.
938 1146 1128 1225 laserpicium
1143 1154 1226 1207 aceto
1241 1146 1360 1228 diluito,

211 1254 389 1330 permisccto
405 1252 507 1313 lentim
522 1261 605 1313 aceto
621 1253 808 1333 laserpiciato
824 1262 853 1314 et
867 1256 968 1333 ponito
984 1256 1015 1313 in
1030 1253 1098 1315 sole.
1136 1263 1238 1332 postea
1252 1254 1360 1316 lentim

211 1358 274 1418 oleo
299 1360 472 1438 perfricato,
496 1362 585 1419 sinito
610 1367 733 1420 arescat.
764 1338 810 1420 ‘ita
834 1363 948 1439 integra
972 1360 1139 1421 servabitur
1162 1368 1253 1421 recte.

102 1475 194 1533 dxvll
302 1464 389 1526 Oleae
418 1465 500 1526 albae
528 1485 588 1546 quo
615 1467 701 1528 modo
731 1467 915 1528 condiantur.
957 1476 1115 1546 antequam
1143 1469 1244 1546 nigrae
1274 1469 1359 1550 liant,
1376 1488 1403 1527 ιο
1430 1455 1437 1467 ’

146 1634 148 1640 ,
211 1571 432 1632 contundantur
446 1580 476 1633 et
490 1575 520 1632 in
536 1592 641 1653 aquam
656 1574 830 1634 deiciantur.
864 1574 970 1634 crebro
985 1593 1090 1653 aquam
1106 1582 1208 1634 mutet.
1237 1574 1357 1656 deinde,

110 1657 113 1663 ⁵
211 1678 263 1737 ubi
286 1680 358 1738 satis
382 1687 545 1739 maceratae
570 1688 670 1760 erunt,
694 1683 841 1758 exprimat
864 1688 894 1740 et
913 1683 944 1741 in
959 1689 1075 1741 acetum
1091 1683 1197 1741 coiciat
1211 1689 1241 1741 et
1255 1682 1357 1742 oleum

210 1783 311 1866 addat,
335 1785 403 1845 salis
428 1785 565 1846 selibram
589 1789 620 1845 in
644 1787 775 1847 modium
794 1787 934 1848 olearum.
972 1788 1134 1848 feniculum
1151 1795 1180 1847 et
1194 1788 1355 1849 lentiscum

210 1909 345 1951 seorsum
369 1892 476 1952 condat
499 1895 529 1953 in
553 1900 677 1954 acetum.
706 1897 814 1954 sinna
838 1895 1001 1955 admiscere
1022 1895 1110 1974 voles,
1135 1897 1194 1955 cito
1209 1898 1294 1956 utito.
1326 1899 1358 1956 in

210 1997 341 2058 orculam
365 1999 484 2060 calcato.
522 1999 657 2061 manibus
682 2003 783 2082 siccis,
807 2021 874 2062 cum
901 2004 944 2062 uti
968 2001 1061 2082 voles,
1085 2004 1202 2062 sumito.
1375 2023 1401 2063 15

282 2267 297 2313 7
317 2260 427 2315 Lentim
447 2279 502 2330 qno
522 2262 605 2318 modo
625 2261 729 2318 samari
748 2262 878 2331 oporteat
898 2263 974 2316 Ptin.
996 2267 1040 2328 18,
1061 2267 1116 2316 308

284 2536 296 2583 1
316 2531 348 2586 It.
370 2529 495 2584 CXXIIII
510 2531 612 2585 Vinum
631 2531 667 2587 ad
682 2532 778 2585 aluum
793 2530 959 2585 mouendam
970 2530 1047 2584 APb
1067 2529 1111 2583 Ad
1130 2530 1205 2584 idem
1218 2547 1234 2584 o
1290 2547 1355 2584 con·

210 2670 302 2725 cinare
321 2673 348 2724 A
434 2673 659 2741 ablaqnebuntur
677 2674 704 2726 A
786 2673 932 2726 ioaetero
958 2672 984 2725 V
1066 2671 1211 2742 tinicito]
1239 2631 1310 2726 inito
1330 2672 1358 2726 A

298 2761 333 2814 de
351 2760 386 2814 iis
405 2762 508 2829 PAbf
532 2763 566 2816 de
585 2762 628 2816 his
648 2779 683 2816 co
797 2778 919 2816 scorsum
944 2762 1090 2815 seruator)
1118 2778 1225 2816 seorsus
1244 2763 1357 2815 seruato

212 2903 303 2956 PAR
375 2909 390 2957 5
410 2905 523 2973 cyatum
543 2868 686 2973 solatum
706 2905 721 2958 b
741 2903 844 2958 ciatum
858 2905 885 2956 A
905 2903 1036 2973 cyathum
1058 2904 1100 2956 Vc
1172 2905 1313 2958 caeteram
1334 2903 1360 2956 V

247 2999 262 3045 6
282 2990 407 3060 periculo
430 2993 486 3047 VR
505 2992 627 3061 pericolo
646 2993 674 3045 A

282 3106 297 3153 7
317 3100 349 3153 n.
370 3099 468 3154 CXXV
488 3098 579 3153 Letim
598 3098 738 3167 quomodo
757 3115 849 3152 seruos
863 3098 890 3152 A
909 3098 1018 3152 Lentim
1037 3098 1177 3166 quomodo
1197 3114 1290 3152 seruos
1306 3099 1354 3153 Pb

210 3189 320 3244 Lentim
339 3190 478 3258 quomodo
493 3189 598 3244 seruari
613 3189 767 3258 oporteato
833 3187 945 3242 Lentim
956 3219 988 3227 -
1001 3189 1131 3257 oporteat
1139 3192 1203 3257 post
1216 3188 1357 3242 rubricam

210 3295 260 3332 om.
279 3295 304 3344 o,
324 3280 387 3334 add.
406 3279 496 3332 PAR
578 3279 708 3347 oporteat
725 3277 793 3344 Pcf
806 3277 918 3346 oportet
935 3277 962 3329 A
982 3276 1124 3345 oportebit
1143 3276 1158 3328 b
1240 3275 1356 3344 laserpi-

211 3418 283 3473 cium
299 3420 326 3473 R
344 3380 522 3490 laserpitialll1
534 3421 561 3474 A
579 3419 755 3490 laserpitium
774 3424 799 3474 ct
817 3420 848 3472 c'n
861 3420 984 3488 marniae
1003 3417 1193 3487 laserpicium
1210 3417 1237 3469 P
1253 3418 1355 3471 lasser-

210 3508 346 3578 pitinmo
454 3511 533 3566 aceto
558 3510 658 3564 diluite
682 3507 849 3580 permisceto
876 3508 986 3563 lemtim
1010 3509 1090 3562 aceto
1118 3506 1297 3577 laserpiciato
1324 3508 1357 3560 in

210 3614 295 3666 marp.
310 3597 338 3651 A
442 3605 457 3652 8
477 3598 655 3668 laserpiciato
677 3598 735 3652 PR
753 3597 980 3666 lasserpiciatoo
1084 3603 1100 3650 9
1119 3594 1270 3665 perfricato
1292 3593 1361 3662 Vof

211 3685 331 3756 pitinate
350 3688 376 3740 A
396 3687 583 3757 perfrigatoc

284 3800 316 3847 10
335 3795 367 3850 It.
388 3792 501 3847 CXXVI
521 3793 605 3847 Oleae
624 3792 704 3847 albae
723 3792 863 3862 quomodo
883 3792 1048 3846 condiantur
1062 3791 1143 3846 AVo
1216 3789 1356 3858 quomodo

767 3884 878 3922 uemadm.

212 3938 267 3991 cod.
283 3936 482 4003 Lour.30,10,
502 3936 557 4004 qud
576 3954 590 3990 c
609 3953 691 4005 quem
711 3896 767 4003 Pfq
781 3952 834 4003 que
857 3937 885 3989 A
904 3953 958 4007 que
978 3937 993 3988 b
1013 3931 1249 4002 quemadmodum
1268 3948 1284 3984 o

213 4031 244 4078 11
265 4024 482 4094 contundantur]
503 4024 740 4078 contundanturA
759 4039 827 4078 corr.
847 4021 1083 4077 oontirdanturA²
1110 4083 1114 4091 ¹
1156 4019 1232 4075 etin
1252 4036 1356 4088 aquam

212 4114 272 4167 Aa
282 4114 365 4180 Vter,
394 4114 423 4166 et
445 4110 474 4166 in
498 4128 571 4181 aqna
594 4112 621 4165 V
727 4117 759 4165 12
779 4111 882 4166 coiciat
906 4111 986 4165 PAb
1019 4109 1161 4166 coiceatc
1189 4108 1357 4164 coniiciato

266 4208 299 4257 13
325 4202 353 4255 in
372 4200 495 4256 modium
515 4201 575 4254 AR
593 4200 622 4254 in
644 4201 758 4255 modum
782 4200 809 4254 V
878 4200 1031 4254 feniculum
1048 4201 1097 4253 Ab
1117 4197 1289 4253 foeniculum
1312 4197 1358 4252 Vc

214 4299 247 4345 14
266 4289 403 4346 admisere
421 4291 449 4344 A
520 4290 609 4344 utitor
628 4290 717 4344 VAR
787 4290 817 4344 in
836 4290 972 4360 orculam]
993 4288 1095 4342 Orcula
1113 4290 1145 4342 in
1163 4289 1287 4357 momine
1306 4288 1356 4341 ac-

212 4381 322 4449 scripsit
342 4380 370 4433 P
477 4383 509 4432 15
529 4379 654 4434 manebit
672 4396 741 4435 corr.
760 4377 889 4432 manibus
909 4377 944 4431 A.
976 4381 1111 4446 pometum
1132 4384 1196 4446 post
1224 4375 1355 4430 manibus

213 4468 294 4523 siccis
310 4468 431 4538 positum
449 4471 480 4523 iu
497 4488 514 4526 o
532 4471 629 4526 delevit
649 4471 677 4524 P
