2994 5018
188 342 208 405 6
684 334 840 389 CATONIS

100 508 139 589 {J
160 532 165 563 ,r
190 505 223 559 Ἢ
256 506 327 564 'LX
350 506 525 583 propagatio
550 503 631 564 oleae
655 520 870 582 pomorumque

106 592 109 597 ¹
160 680 170 689 p
197 638 232 689 a>
276 613 341 672 LXl
365 612 445 682 Quae
469 611 641 688 diligentius
665 610 823 688 propagari
846 607 926 668 voles

104 756 139 779 .-
191 739 235 799 25
277 717 355 779 LXII
374 717 415 778 Be
439 717 590 776 faenisicia

198 861 233 909 ἢ
277 824 368 885 LXIII
391 824 493 884 Bubus
516 823 659 902 pabulum

206 970 209 977 ·
235 954 239 965 ’
276 931 382 995 LXIIII
406 930 447 990 De
471 930 559 1008 lignis
583 930 695 989 domini

213 1039 353 1098 ›²1·LXV
377 1037 516 1097 Familiae
541 1036 650 1097 cibaria
675 1044 783 1116 quanta
808 1036 916 1095 dentur

208 1162 251 1219 57
280 1145 370 1205 LXVI
393 1144 500 1203 Vinum
524 1142 650 1203 familiae
675 1149 817 1221 quantum
842 1143 929 1202 detur

144 1258 154 1271 ’·
210 1259 245 1311 sl
278 1252 382 1312 LXVII
405 1251 639 1311 PulmentarIum
663 1249 789 1310 familiae

210 1372 253 1423 St
277 1359 394 1418 LXVIII
417 1357 598 1418 Vestimenta
622 1357 747 1417 familiae

278 1465 409 1525 LXVIIII
432 1464 534 1525 Bubus
559 1465 669 1525 cibaria

119 1602 145 1639 2·
220 1579 249 1623 ‘2'-
278 1572 358 1633 LXX
381 1571 445 1642 Quo
470 1573 557 1633 modo
582 1590 651 1650 ager
675 1571 789 1632 colatur

176 1702 190 1747 r
243 1686 250 1705 ·'
279 1680 371 1740 LXXI
395 1680 474 1750 Quot
496 1678 608 1757 plostra
632 1677 741 1737 habere
766 1684 902 1756 oporteat

279 1787 385 1847 LXXII
408 1786 521 1847 Funem
545 1803 633 1863 quam
657 1784 773 1862 longam
797 1798 862 1844 esse
886 1791 1020 1863 oporteat

244 1892 247 1897 “
281 1894 401 1954 LXXIII
425 1893 466 1954 Be
491 1891 553 1952 olea
577 1891 741 1970 colligenda

247 2026 250 2031 ·
279 2001 413 2061 LXXllII
437 2000 542 2060 Oleum
566 1998 659 2059 viride
683 2017 742 2077 quo
765 1999 852 2059 modo
877 1999 927 2059 liat

249 2130 253 2137 ¹
279 2108 383 2168 LXXV
407 2106 545 2168 Custodis
569 2112 599 2165 et
622 2104 800 2184 capulatoris
825 2085 921 2165 cilicia

263 2210 397 2276 'cxxvi
420 2214 495 2274 Item
518 2212 651 2273 custodis
675 2213 727 2290 qui
750 2213 781 2270 iu
804 2211 965 2272 torculario
990 2215 1047 2273 erit
1071 2215 1166 2273 ollicia

280 2321 411 2383 LXXVII
434 2321 508 2381 Vasa
531 2321 642 2380 vinaria
666 2327 696 2380 et
720 2318 828 2379 olearia
852 2319 993 2380 extollere

281 2428 424 2488 LXXVIII
448 2428 530 2489 Bolia
554 2445 612 2505 quo
636 2426 723 2485 morlo
747 2426 909 2487 inbuantur

207 2550 247 2610 {fr
280 2535 438 2595 LXXVIIII
461 2534 562 2594 Bubus
586 2533 834 2592 medicamentum

281 2641 387 2702 LXXX
410 2642 468 2701 Bos
493 2644 518 2701 si
541 2647 694 2718 aegrotare
719 2641 851 2718 coeperit

281 2749 401 2809 LXXXI
424 2749 518 2809 Boves
542 2766 578 2808 ne
602 2747 693 2826 pedes
718 2746 872 2807 subterant

253 2858 255 2867 '
281 2854 414 2915 LXXXII
437 2854 501 2925 Quo
525 2855 612 2914 modo
636 2853 733 2913 bubus
757 2854 1004 2916 medicamentum
1024 2857 1111 2917 detur

142 3010 150 3017 ..
282 2961 428 3022 LXXXIII
451 2963 559 3022 Panem
584 2961 763 3040 depsticium
787 2963 829 3021 sic
854 2962 942 3023 lacito
961 2974 975 3023 't

166 3096 191 3147 73
282 3068 442 3129 LXXXllII
465 3068 572 3129 Libum
595 3069 651 3128 hoc
675 3068 762 3128 modo
787 3068 874 3129 facito

266 3285 280 3331 1
300 3277 471 3347 Propagatio
492 3278 570 3332 oleae
588 3292 789 3346 pomorumque
805 3275 848 3350 Pc
867 3274 1038 3346 Propagatio
1058 3279 1118 3332 olee
1136 3285 1286 3349 pomoruq:
1301 3279 1336 3347 A,

193 3369 239 3424 sed
261 3387 291 3437 q:
315 3369 347 3420 irc
364 3383 465 3421 restore
483 3367 537 3434 Al,
563 3367 732 3437 Propagatio
756 3383 902 3435 pomorum
927 3367 1154 3435 caeterarumque
1174 3367 1302 3421 arborum
1320 3384 1336 3420 o

219 3443 222 3448 ⁵
265 3464 280 3510 3
295 3457 336 3509 De
355 3455 481 3510 fenisieia
495 3455 522 3507 A
541 3455 575 3509 de
593 3454 717 3510 fenisitia
735 3472 749 3510 c
767 3455 801 3508 de
820 3453 966 3509 foenisicia
987 3454 1015 3506 P
1032 3455 1065 3509 de
1085 3454 1228 3511 faenisicia
1246 3473 1262 3509 o

264 3550 280 3597 8
315 3543 533 3598 Pulmentarium
562 3543 686 3597 familiae
716 3545 773 3596 PA
804 3544 1026 3599 Palmentarium
1052 3544 1177 3599 familiae
1202 3548 1337 3612 quantum

194 3634 275 3688 detur
298 3651 334 3687 co
418 3640 449 3687 12
471 3634 544 3699 Quot
566 3634 674 3702 plostra
698 3650 731 3687 co
752 3633 814 3702 Q‚t
836 3635 945 3702 plostra
963 3634 991 3687 A
1011 3634 1090 3699 Quod
1113 3634 1220 3704 plostra
1241 3633 1269 3685 P

196 3730 228 3777 13
246 3724 351 3777 Funem
372 3741 454 3792 quam
473 3724 585 3792 longam
605 3739 664 3777 esse
688 3722 817 3791 oporteat
835 3722 971 3790 Ach‘ct.,
995 3723 1099 3778 Funem
1119 3740 1203 3793 quam
1222 3703 1337 3792 loug'um

194 3829 254 3867 esse
278 3813 408 3880 oporteat
426 3830 454 3881 a,
473 3811 556 3867 nbc'F
577 3813 693 3866 litteram
711 3812 825 3865 indocte
845 3812 944 3865 lineola
962 3813 1068 3866 notovit
1083 3813 1121 3881 P,
1140 3829 1192 3882 pcto
1210 3813 1288 3883 elpoo
1306 3814 1346 3881 in,

194 3904 313 3958 delendis
328 3902 457 3970 capitulis
471 3902 514 3956 oti
528 3902 664 3955 consuevit
721 3906 754 3953 14
769 3899 926 3970 colligenda
936 3900 963 3953 P
975 3901 1121 3971 coligenda
1132 3903 1179 3957 Ac
1191 3904 1337 3972 legendae

267 3997 299 4045 16
319 3990 408 4046 offitia
422 3990 449 4042 A
522 3996 554 4044 17
570 3989 639 4044 Item
655 3988 778 4044 custodis
793 3988 884 4058 quiin
897 3989 1049 4044 torculario
1064 3989 1118 4044 erit
1132 3991 1223 4045 officia
1237 3991 1338 4062 (offitia

194 4080 233 4149 A)
251 4081 299 4135 Ac
310 4080 392 4144 Vter,
411 4080 481 4133 Item
502 4079 625 4134 custodis
645 4077 739 4147 quiin
758 4078 891 4132 torculari
911 4078 992 4132 erunt
1011 4079 1103 4134 officia
1122 4082 1232 4147 abritto,
1250 4085 1281 4134 rot
1299 4082 1337 4135 ci-

194 4170 286 4236 detor,
315 4170 482 4237 corruptelae
504 4172 571 4222 oete
594 4169 631 4222 ed
650 4165 730 4221 erunt
749 4166 777 4218 P
793 4165 865 4238 Item
889 4166 1012 4221 custodis
1036 4168 1064 4220 in
1088 4168 1239 4221 torcularia
1257 4171 1338 4221 erunt

196 4257 289 4312 officia
306 4276 322 4312 c
382 4263 414 4311 19
433 4259 584 4312 inbuantnr
601 4258 628 4311 A
648 4256 810 4310 imbuantur
829 4255 872 4310 Vc
934 4262 965 4310 21
987 4257 1109 4326 coeperit
1127 4257 1153 4310 V
1168 4256 1273 4326 ceperit
1292 4258 1338 4311 Ac

249 4352 282 4399 22
297 4347 443 4402 subierant
456 4347 498 4401 Vc
509 4348 587 4417 Vter,
607 4346 773 4416 subtergant
786 4347 812 4401 A
868 4353 901 4401 23
916 4348 1060 4401 fleturum.
1077 4348 1109 4414 V,
1123 4348 1186 4402 add.
1201 4347 1249 4402 Ae
1259 4347 1338 4414 Vter,

250 4441 284 4489 24
299 4436 462 4506 depsticium
475 4437 535 4490 PA
550 4434 734 4504 depastieium
748 4451 762 4489 c
776 4434 941 4504 depsiticnm
956 4452 972 4489 e
1026 4441 1060 4490 25
1075 4434 1187 4508 Libum]
1204 4435 1338 4492 OlbumA
