2994 5018
192 320 233 383 72
618 374 625 384 ,
682 319 839 374 CATONIS

108 495 174 553 cvii
282 486 346 557 Quo
380 487 459 547 labra
493 487 639 547 doliorum
670 486 872 567 ctreuurlinas,
905 494 939 547 ut
967 487 1042 548 hene
1072 487 1192 548 odorata
1220 489 1280 548 siut
1309 495 1340 547 et

191 596 301 674 nequid
331 597 383 654 viti
410 596 441 652 in
471 595 572 653 riuum
600 593 747 653 accedat·
772 611 859 670 sapae
888 596 1010 672 congios
1028 611 1065 656 v1
1093 614 1181 674 quam
1210 594 1340 673 optimae

192 702 339 763 infundite
367 703 413 777 iu,
427 700 572 760 aheneum
601 706 652 759 aut
679 700 709 759 in
738 699 911 775 plumbeum
940 708 969 760 et
997 703 1050 761 iris
1074 701 1172 761 aridae
1196 708 1340 761 contusae

192 810 340 868 heminam
365 817 394 867 et
418 814 526 866 sertam
551 806 750 882 campanicam
765 819 795 864 P.
810 820 832 865 v
856 804 932 865 hene
952 806 1103 867 odoratam
1132 825 1189 867 uua
1213 825 1282 867 cum
1302 807 1342 866 tri

193 914 358 976 contundes
387 932 474 992 quam
504 913 715 991 minutissime,
746 930 800 990 per
831 912 963 973 cribrum
992 931 1096 973 cernas
1125 921 1155 974 et
1183 932 1241 974 una
1271 924 1372 973 cumb

158 1040 175 1095 2
196 1043 266 1103 sapa
281 1039 391 1100 coquas
406 1020 564 1080 sarmentis
579 1027 609 1078 et
623 1018 683 1078 leni
697 1018 821 1079 flamma.
859 1029 1042 1100 couuroveto,
1058 1022 1155 1082 videto
1172 1040 1209 1081 ne
1224 1021 1342 1082 aduras.

195 1149 290 1210 usque
315 1131 447 1208 coquito,
476 1127 547 1186 dum
571 1126 726 1185 dimidium
750 1144 906 1205 excoquas.
948 1127 1000 1188 ubi
1023 1128 1187 1209 refrixerit,
1217 1129 1342 1188 confun-
1372 1176 1375 1180 .

195 1239 257 1298 dito
281 1239 311 1296 in
336 1254 385 1295 vas
409 1237 541 1313 picatum
564 1232 639 1292 hene
663 1233 820 1293 odoratum
843 1241 873 1293 et
897 1233 1021 1294 oblinito
1046 1241 1076 1294 et
1099 1236 1175 1295 utito
1205 1236 1235 1294 in
1259 1233 1343 1294 labra

197 1343 354 1404 doliorum.

102 1454 182 1511 CVIII
289 1450 396 1510 Vinum
430 1451 456 1508 si
488 1446 568 1506 voles
601 1448 730 1525 experiri
763 1447 939 1507 duraturum
978 1448 1017 1505 sit
1049 1464 1156 1527 necne,
1193 1448 1343 1526 polentam
1360 1467 1389 1506 ιο

197 1556 338 1636 grandem
367 1554 522 1614 dimidium
552 1551 698 1612 acetabuli
726 1554 756 1611 iu
786 1551 944 1612 caliculum
974 1570 1083 1612 novum
1113 1553 1206 1613 indito
1230 1557 1346 1614 etvini

198 1664 360 1722 sextarium
384 1661 420 1720 de
444 1679 479 1719 eo
504 1661 570 1719 vino
596 1659 674 1737 quod
698 1657 778 1718 voles
803 1660 932 1737 experiri
956 1660 1060 1719 eodem
1076 1659 1223 1720 infundite
1247 1669 1276 1720 et
1301 1662 1347 1720 in·

159 1771 299 1848 2ponito
324 1770 354 1827 in
378 1767 536 1826 carbones:
566 1766 653 1826 facito
682 1765 728 1825 his
757 1773 808 1826 aut
832 1773 877 1825 ter
901 1767 1053 1827 inferveat.
1095 1775 1158 1827 tum
1189 1768 1218 1827 id
1241 1786 1346 1846 pereo·

198 1877 270 1956 lato,
304 1874 452 1954 polentam
481 1873 597 1933 abicito.
640 1874 741 1932 viuum
768 1874 870 1950 ponito
900 1872 956 1932 sub
987 1873 1044 1933 dio.
1085 1874 1229 1953 postridie
1260 1893 1347 1935 mane

199 1990 325 2061 gustato.
364 1984 388 2040 si
412 1981 441 2040 id
466 1981 574 2059 sapiet,
599 1979 677 2058 quod
692 1981 722 2038 iu
738 1978 816 2038 dolio
832 1988 890 2060 est,
916 1982 990 2039 scito
1005 1981 1194 2041 duraturum:
1219 1983 1244 2040 si
1259 1980 1346 2042 suba·
1363 2000 1390 2039 15

202 2089 301 2149 oidum
325 2090 395 2167 erit,
420 2105 479 2146 non
502 2076 629 2146 durabit.

131 2200 185 2256 CIX
293 2193 400 2253 Vinum
424 2212 561 2272 asperum
586 2194 664 2272 quod
689 2195 747 2254 erit
769 2193 834 2253 lene
859 2202 888 2252 et
912 2211 999 2253 suave
1025 2195 1050 2253 si
1074 2193 1152 2254 voles
1172 2195 1277 2275 facere,
1302 2197 1347 2256 sic

63 2291 65 2296 ’
201 2302 297 2360 facito.
340 2301 376 2360 de
400 2319 469 2360 ervo
494 2301 617 2360 farinam
641 2301 729 2360 facito
754 2299 843 2359 libras
863 2314 916 2359 1111
941 2307 971 2360 et
994 2302 1054 2360 vini
1077 2310 1177 2379 cyatos
1196 2317 1250 2362 1111
1276 2321 1348 2362 con-

202 2410 331 2485 spargito
356 2426 433 2485 sapa.
470 2413 572 2484 postea
602 2406 689 2466 facito
713 2406 898 2466 laterculos
923 2407 1011 2466 sinito
1040 2406 1201 2467 conhihant
1228 2416 1348 2469 noctem

273 2602 286 2648 1
306 2595 338 2650 R.
359 2595 445 2650 CXVI
465 2595 524 2660 Quo
549 2595 629 2649 labra
653 2595 790 2649 doliorum
810 2594 988 2649 circumlinas
1007 2596 1039 2650 ut
1057 2595 1127 2648 bene
1147 2595 1264 2651 odorata
1283 2601 1350 2653 sunt

201 2685 228 2736 A
248 2685 307 2749 Quo
328 2683 406 2738 labra
425 2685 566 2739 doliorum
587 2684 762 2739 circumlinas
786 2685 818 2738 ut
845 2684 916 2739 bene
940 2684 1025 2753 (bona
1044 2685 1069 2752 b)
1089 2685 1205 2740 odorata
1223 2684 1280 2739 sint
1299 2686 1348 2740 Pb

202 2774 346 2839 Quomodo
369 2773 449 2827 labra
472 2772 610 2827 doliorum
630 2772 807 2827 circumlinas
827 2795 833 2826 :
854 2774 883 2827 et
901 2775 933 2826 ut
951 2773 1069 2828 odorata
1087 2772 1142 2827 sint
1157 2794 1163 2826 ε
1179 2776 1209 2828 et
1226 2791 1262 2828 ne
1280 2775 1349 2842 quid

201 2862 264 2915 uitii
283 2862 312 2915 in
331 2862 427 2915 uinum
447 2861 596 2916 accedato
661 2862 720 2927 Quo
739 2861 819 2916 labra
835 2893 867 2901 -
883 2862 1001 2916 accedat
1014 2867 1078 2931 post
1095 2863 1235 2918 ratricem
1253 2880 1302 2919 om.
1323 2883 1349 2931 o,

202 2987 264 3041 aaa.
284 2986 371 3040 Pau
444 2987 561 3041 odorata
580 2985 636 3039 ant
652 2986 748 3055 Patr
762 2986 877 3041 onerata
895 2986 1003 3041 sienae
1076 2994 1091 3040 2
1112 2966 1349 3044 altimetria

201 3074 300 3141 uitiif
359 3074 473 3144 congios
491 3075 572 3128 ARe
592 3075 686 3144 cogios
706 3076 735 3128 P
805 3075 928 3145 optimae
948 3076 974 3129 V
991 3075 1096 3145 optime
1115 3075 1175 3130 AR
1247 3079 1350 3133 3ahe-

201 3181 285 3217 neum
306 3164 384 3217 PAc
402 3164 523 3217 ahenum
541 3181 557 3218 o
576 3165 728 3218 aeneumb
826 3170 843 3216 4
862 3164 1004 3218 heminam
1027 3165 1072 3220 Vb
1092 3165 1212 3220 eminam
1230 3167 1277 3220 Ac

203 3252 349 3306 odoratam
373 3253 472 3319 VAcf
494 3253 673 3307 odoratamb
764 3252 855 3306 tleui
877 3252 966 3307 VAR
1060 3256 1236 3309 commoneto
1260 3254 1350 3310 VAR

271 3342 372 3395 idum
391 3359 440 3395 orn.
457 3343 492 3406 A,
511 3344 575 3396 edd.
591 3341 645 3395 VR
700 3341 883 3395 eodoratum
902 3340 986 3408 Acfo
1006 3342 1152 3396 odenatum
1173 3342 1221 3397 Pb
1275 3342 1349 3398 utito

202 3430 292 3484 PAR
310 3431 433 3485 utitore
505 3431 585 3484 labra
609 3430 665 3484 VR
683 3430 792 3484 labrum
810 3430 838 3483 A

276 3542 308 3590 10
326 3537 358 3592 R.
379 3536 478 3591 CXVII
498 3535 601 3590 Vinum
630 3535 653 3590 si
676 3536 754 3592 uoles
781 3536 900 3606 experiri
918 3537 1000 3591 APb
1029 3537 1138 3592 Vinum·
1159 3538 1183 3591 si
1207 3523 1283 3594 uoles
1303 3557 1349 3594 ex-

203 3624 288 3694 periri
308 3625 470 3679 duraturum
490 3624 527 3678 alt
544 3642 665 3679 necnee
737 3625 882 3694 polentam
900 3627 949 3680 hoc
967 3627 1024 3680 loco
1042 3625 1131 3680 VAR
1206 3633 1237 3680 11
1257 3629 1350 3682 aeet-

204 3713 263 3768 buli
283 3713 348 3768 Pbe
367 3713 545 3784 acceptabuIi
562 3714 610 3767 Ac
682 3714 741 3767 uini
760 3731 892 3783 semerom.
912 3716 938 3768 A
1018 3722 1051 3768 12
1069 3715 1197 3785 inponite
1217 3716 1244 3769 A
1261 3715 1351 3786 impo-

204 3803 263 3856 nito
279 3803 336 3856 VR
410 3808 442 3856 13
461 3802 598 3857 inferueat
616 3803 673 3856 VR
691 3802 850 3857 inferueant
864 3803 891 3856 A
965 3808 997 3857 14
1016 3805 1159 3872 polentam
1174 3805 1352 3875 opulentam

206 3890 298 3944 PAR
369 3891 484 3946 abiicito
502 3892 658 3946 Beroaldus
676 3891 780 3946 adicito
795 3891 864 3960 Aes
878 3892 992 3947 adiicito
1009 3893 1036 3946 V
1051 3892 1184 3948 additot
1250 3893 1351 3963 punito

205 3979 232 4032 A
250 3996 318 4036 corr.
338 3981 437 4049 ponito
456 3981 502 4033 Aa
575 3986 607 4034 15
627 3981 807 4035 subaccidum
825 3982 852 4035 A
1230 3995 1233 4001 ’

278 4075 310 4122 17
329 4070 362 4124 R.
382 4068 495 4122 CXVIII
514 4068 618 4123 Vinum
638 4086 768 4138 asperum
788 4071 848 4124 lene
866 4070 926 4125 lieri
945 4070 1029 4125 AVo
1145 4070 1231 4127 libras
1250 4070 1303 4126 IIII
1322 4073 1352 4126 et

206 4159 323 4226 cyathos
342 4147 401 4212 1111'
418 4159 595 4228 conspergite
619 4174 703 4228 sapae
725 4158 859 4214 Gesneras
875 4203 880 4215 .
895 4162 1012 4228 fortasse
1040 4160 1127 4216 libras
1151 4161 1202 4215 Illi
1230 4162 1259 4215 et
1286 4179 1351 4216 oon-

206 4247 331 4316 spargito
351 4263 418 4315 sapa
437 4267 443 4300 ε
463 4249 562 4316 postea
580 4247 677 4302 addito
696 4248 754 4303 vini
773 4252 870 4319 oyatos
890 4250 951 4318 1111,
970 4249 1056 4305 factto
1075 4251 1223 4305 laterculos
1317 4255 1351 4304 18

207 4338 303 4404 cyatos
322 4336 349 4389 A
369 4336 484 4404 cyathos
507 4335 533 4389 V
549 4335 636 4390 ciatos
654 4336 681 4389 R
756 4344 788 4393 19
807 4339 957 4393 laterculos
981 4338 1038 4394 VR
1056 4337 1206 4394 laterculos
1226 4338 1254 4391 A

207 4424 340 4479 cobibant
358 4426 384 4478 A
404 4422 568 4480 combibant
589 4425 645 4481 VR
