2994 5018
169 361 211 423 52
660 358 815 414 CATONIS

169 537 269 607 erunt,
303 526 353 587 ubi
376 528 511 587 favonius
533 526 604 586 ssare
624 529 769 607 coeperit,
794 544 862 586 cum
876 532 959 604 pra-ta
975 524 1125 607 defendes,
1149 526 1314 604 depurgato

168 634 335 714 herbasque
359 635 449 694 maias
473 637 568 695 omnis
592 635 734 694 radicitus
759 633 886 693 effodito.

126 748 143 803 2
257 741 312 802 Vbi
335 745 449 802 vineam
474 743 675 822 deputaveris,
706 759 845 801 acervum
868 739 1015 818 lignorum
1041 743 1248 818 virgarumque
1274 740 1314 798 i·

168 851 236 909 oito.
273 850 345 909 ticos
369 852 550 928 interputato
570 857 599 909 et
617 851 648 908 in
667 850 751 908 vinea
771 849 842 908 ticos
863 847 1014 907 subradito
1035 847 1105 927 alte,
1129 865 1166 906 ne
1181 865 1230 906 eas
1244 847 1314 904 vitis

169 956 297 1015 scandat.
335 959 492 1016 seminaria
516 956 603 1015 facito
632 963 662 1015 et
686 964 785 1015 vetera
812 957 964 1014 resarcito.
1006 954 1079 1014 haec
1103 954 1204 1033 incito,
1233 961 1314 1013 ante·
1344 967 1357 1006 ⁵

169 1080 257 1140 quam
281 1065 396 1122 vineam
420 1063 520 1122 fodere
544 1065 677 1140 incipias,
715 1062 766 1121 ubi
785 1062 858 1139 dalis
876 1062 1029 1140 profanata
1044 1067 1232 1138 comestaque
1249 1062 1315 1140 erit,

170 1187 260 1227 verno
284 1187 367 1228 arare
390 1171 522 1248 incipito.
560 1188 593 1229 ea
613 1168 675 1229 loco
691 1171 818 1247 primum
835 1176 924 1248 arato,
949 1185 1023 1246 quae
1039 1169 1202 1226 siccissima
1217 1177 1315 1246 erunt,

169 1282 198 1333 et
217 1293 292 1352 quiae
308 1278 491 1336 crassissima
506 1283 536 1336 et
555 1277 749 1354 aqnosissima
765 1283 861 1355 erunt,
882 1294 915 1334 ea
934 1281 1119 1353 postremum
1133 1281 1223 1353 arato,
1243 1273 1314 1332 dum

169 1399 205 1440 ne
229 1384 314 1459 prius
338 1382 545 1443 obdurescant.

116 1492 153 1557 bl
257 1488 431 1568 Propagatio
456 1508 624 1571 pomorum,
649 1489 772 1550 aliarum
796 1489 944 1550 arborum.
982 1487 1018 1548 ab
1042 1485 1147 1547 arbore
1167 1487 1219 1547 abs
1233 1495 1313 1546 terro
1330 1513 1357 1549 10

169 1594 243 1673 pulli
256 1599 308 1675 qui
331 1604 504 1677 nascentur,
529 1616 579 1657 eos
603 1599 634 1657 in
649 1605 758 1657 terram
773 1597 930 1675 deprimite
946 1594 1137 1673 extollitoque
1152 1596 1314 1672 primorem
1377 1584 1379 1590 ’

168 1709 298 1782 partem,
322 1705 366 1782 uti
385 1703 516 1763 radicem
540 1705 669 1780 capiant:
693 1703 762 1762 inde
786 1702 906 1763 biennio
929 1709 997 1780 post
1020 1702 1139 1761 effodite
1155 1702 1314 1778 seritoque.

170 1808 268 1890 ficum,
292 1808 393 1890 oleam,
418 1809 527 1870 malum
549 1813 701 1889 punicum,
726 1818 884 1870 cotoneum
901 1809 1015 1888 aliaque
1031 1808 1104 1868 mala
1124 1810 1230 1886 onmia,
1254 1806 1314 1866 lau-

168 1934 245 1996 rum,
268 1924 409 1996 mortum,
433 1935 526 1977 nuces
549 1919 761 1997 praenestinos,
785 1916 946 1998 platanum,
968 1917 1041 1976 baec
1065 1918 1162 1976 omnia
1183 1934 1199 1974 a
1218 1915 1315 1991 capite

104 2025 150 2081 bil
168 2025 326 2101 propagari
349 2025 497 2102 exbnique
521 2026 640 2102 serique
664 2025 767 2083 eodem
787 2024 874 2083 modo
890 2042 946 2101 opo
957 2031 1015 2083 tet.
1053 2041 1127 2101 quae
1144 2021 1315 2099 diligentius
1330 2044 1358 2083 15

169 2132 326 2208 propagari
351 2149 384 2190 vo
416 2148 441 2210 s,
466 2132 496 2189 in
520 2129 601 2190 aulas
625 2138 675 2190 aut
699 2132 730 2189 in
750 2129 852 2209 qualos
870 2139 1009 2209 pertusos
1023 2131 1181 2208 propagari
1198 2135 1315 2236 oppptet

170 2244 199 2295 et
223 2255 291 2295 cum
314 2238 351 2295 iis
375 2239 405 2296 in
429 2237 565 2296 scrobem
589 2237 701 2297 deferri
724 2245 849 2315 oportet.
887 2239 917 2295 in
937 2236 1107 2317 arboribus,
1132 2239 1177 2297 uti
1200 2235 1315 2295 radices

170 2345 294 2423 capiant,
314 2342 436 2403 calicem
456 2344 640 2422 pertundite:
658 2363 712 2422 per
734 2306 856 2405 subdam
871 2351 922 2404 aut
937 2343 1057 2423 quialum
1080 2362 1203 2424 ramum,
1227 2360 1314 2421 quem

169 2450 300 2509 radicem
328 2468 433 2529 capere
465 2450 556 2531 voles,
590 2453 720 2511 traicito:
754 2470 822 2510 eum
851 2450 971 2528 qualum
1005 2460 1055 2511 aut
1085 2449 1207 2510 calicem
1235 2457 1313 2508 terra

170 2557 280 2635 inpleto
296 2557 467 2635 calcatoque
479 2520 570 2636 bdoe,
595 2559 624 2617 in
644 2557 749 2617 arbore
764 2557 933 2636 relinquito.
975 2557 1027 2618 ubi
1046 2553 1069 2637 †
1088 2559 1128 2618 ita
1147 2558 1245 2636 suerit,
1269 2574 1314 2615 ra·
1330 2578 1358 2616 20

169 2731 381 2741 m

242 2861 258 2907 6
277 2853 325 2907 ubi
344 2854 413 2923 daps
433 2853 582 2922 profanata
600 2870 621 2907 c.
638 2857 691 2908 131
765 2859 798 2907 10
817 2853 988 2924 Propagatio
1007 2869 1154 2923 pomorum
1174 2870 1195 2907 c.
1216 2856 1269 2907 133

243 3146 257 3192 1
278 3139 403 3208 coeperit
426 3139 451 3192 V
468 3140 574 3209 ceperit
592 3141 662 3195 Abc
752 3146 767 3194 2
787 3139 877 3194 omnis
902 3140 928 3193 V
944 3157 1040 3194 omnes
1058 3139 1086 3193 R
1105 3144 1195 3206 omsq5
1215 3139 1242 3191 A

172 3236 188 3282 3
207 3247 355 3284 ecceruum
374 3230 400 3282 A
491 3236 508 3283 4
527 3231 592 3284 ficos
610 3229 797 3299 inierpuiaio}
817 3230 884 3284 ficus
902 3228 1090 3298 interpnrgari
1110 3228 1225 3283 Plinius

170 3318 313 3373 subradito
334 3294 393 3372 d'R
402 3318 484 3384 Vici„
512 3318 682 3373 subradieito
700 3319 728 3372 A
752 3317 921 3372 succiditoo
1017 3319 1148 3373 bvetera
1166 3315 1313 3388 resarcito]

169 3410 265 3463 uetera
284 3407 381 3462 sarciri
401 3406 516 3461 Plinius
588 3413 603 3460 6
623 3406 735 3460 uincam
753 3406 837 3460 Alto
855 3405 961 3460 uiniam
980 3408 1009 3461 P

243 3505 258 3552 6
278 3498 310 3552 R.
329 3497 433 3552 LVHH
452 3495 507 3551 Ubi
526 3497 594 3565 daps
613 3496 762 3566 profanata
780 3497 834 3550 erit
853 3497 920 3565 quid
938 3497 989 3551 fiat
1006 3498 1100 3565 APb‚
1126 3500 1185 3552 stne
1202 3498 1315 3551 rubrica

169 3593 194 3640 01
214 3589 278 3640 uoci
297 3588 396 3655 capitis
413 3588 551 3640 indictos
642 3587 819 3653 comesiaque
837 3585 899 3639 AR
931 3588 1110 3655 obmestaque
1133 3586 1160 3639 V
1247 3591 1314 3639 'tea

170 3675 447 3744 1000101000-131,
466 3676 576 3731 011000
599 3674 699 3743 VAn,
718 3677 747 3729 ei
766 3691 799 3729 ea
816 3675 879 3730 loca
898 3677 953 3730 cod.
974 3677 1061 3730 Lacr.
1081 3681 1126 3743 30,
1145 3683 1181 3730 10

243 3771 275 3820 10
294 3766 326 3818 R.
344 3766 394 3819 LX
416 3765 586 3835 Propagaiio
610 3765 688 3819 oleae
706 3781 906 3833 pomorumque
925 3765 1007 3819 AVo
1098 3765 1216 3820 aliarum
1237 3765 1319 3830 Pns

170 3855 321 3909 aliorumc
352 3854 525 3922 aliorumque
544 3853 632 3918 A²bo
733 3859 765 3906 12
786 3852 901 3923 capiant
920 3855 1074 3910 Pontedera
1092 3872 1123 3923 p.
1143 3858 1192 3921 59,
1220 3854 1314 3924 caprini

176 3943 264 3998 VAR
365 3951 397 3998 13
417 3944 546 3999 coionem
566 3941 658 3996 PAR
690 3942 867 3997 cotoniumo
963 3950 996 3997 14
1014 3944 1136 4014 myrtum
1160 3943 1215 3996 VA
1248 3943 1313 3995 mir-

109 4030 112 4036 ”
169 4035 229 4084 ium
248 4033 284 4087 bc

243 4128 275 4175 15
295 4121 357 4175 LXI
376 4122 452 4188 Quae
471 4121 634 4191 diligentius
651 4120 801 4190 propagari
820 4122 898 4176 uoles
916 4123 944 4176 A
958 4123 1002 4177 Vb
1095 4129 1127 4176 16
1147 4122 1225 4176 aulas
1244 4122 1314 4174 Aoo

170 4210 260 4266 aulius
280 4213 328 4279 Ps
342 4211 433 4279 audias
453 4212 468 4265 b
560 4215 591 4263 17
612 4226 676 4263 cum
693 4209 728 4263 iis
748 4210 808 4264 PA
832 4227 894 4264 cum
914 4209 987 4265 eisb
1012 4227 1075 4264 cum
1094 4209 1137 4264 bis
1155 4227 1170 4264 0
1188 4227 1250 4264 cum
1270 4211 1313 4262 bis

169 4302 203 4367 so
279 4301 328 4355 ubi
346 4299 453 4354 radices
473 4299 587 4367 capiant
610 4297 701 4352 VAR
718 4298 827 4353 radices
845 4299 887 4353 ubi
906 4300 1019 4367 capiant
1037 4300 1116 4366 infru
1134 4315 1155 4353 c.
1176 4303 1229 4353 133

170 4396 204 4443 20
223 4391 329 4459 inpleto
347 4390 375 4442 A
408 4388 525 4458 impleto
549 4387 604 4441 Vn
711 4388 740 4441 in
764 4389 863 4442 arbore
882 4387 1045 4456 relinquito,
1068 4389 1118 4443 ubi
1135 4380 1241 4443 bimum
1261 4389 1314 4442 erit

78 4522 84 4535 .
169 4481 250 4548 infru
268 4497 289 4535 c.
311 4483 365 4534 133
445 4479 475 4533 in
493 4479 621 4534 arborem
645 4480 734 4534 VAR
