2994 5018
452 344 500 399 DE
519 345 606 401 AGRI
626 347 796 403 cvnuvrm
815 349 844 404 C.
865 350 988 410 23-27
1251 349 1293 416 37

240 510 334 582 Quom
354 514 456 573 vInum
475 521 593 575 coctum
613 517 670 575 erit
689 522 719 575 et
733 534 824 594 quem
843 514 967 596 legetur,
987 516 1075 576 incito
1095 519 1140 577 uti
1159 526 1294 580 servetur
1313 528 1386 586 XXV

151 619 276 679 familiae
305 621 435 698 primum
464 623 599 702 suisque,
627 623 775 702 facitoque
799 622 919 732 studeas
942 623 1017 684 bene
1040 632 1213 705 percoctum
1237 627 1292 686 εἰο-

150 745 278 805 cumque
302 725 413 809 legere,
437 746 474 788 ne
497 731 598 790 vinum
622 748 729 790 nomen
753 728 865 807 perdet.
903 732 1040 792 vinacecs
1063 733 1172 793 cotidie
1191 751 1292 794 recen·

149 835 188 892 tis
212 835 380 893 succernitc
400 833 477 894 lecto
501 835 633 896 restibus
657 835 807 915 subtentc,
829 835 876 895 vel
895 836 1028 898 cribrum
1047 838 1090 898 ilii
1113 841 1158 899 rei
1180 847 1291 918 parato.

122 958 200 1001 secs
224 939 396 1000 conculcato
421 942 451 1000 in
475 939 552 1001 dolia
575 943 671 1019 picata
694 941 740 1001 vel
764 944 794 1001 in
813 941 910 1003 lucum
925 945 1071 1004 vinarium
1085 947 1224 1024 picatum.
1261 947 1290 1006 id

148 1046 224 1107 bene
253 1045 354 1161 iubeto
382 1045 487 1128 oblini,
516 1047 594 1126 quod
623 1047 675 1106 des
703 1046 801 1108 bubus
823 1132 825 1137 ⁴
832 1067 886 1127 per
914 1048 1049 1111 hiemem.
1091 1051 1235 1132 indidem,
1266 1054 1292 1112 si

101 1220 103 1231 ,
148 1154 241 1235 voles,
265 1153 354 1214 lavitc
377 1153 531 1232 paulatim:
555 1156 612 1214 erit
635 1154 697 1214 iore
720 1154 847 1215 familiae
867 1156 945 1235 quod
965 1156 1089 1238 bibety

236 1260 388 1321 Vindemia
408 1262 483 1321 iectu
498 1280 566 1322 vasa
580 1261 703 1343 torcule,
723 1262 869 1343 corbulus,
892 1264 1020 1345 fiscinas,
1040 1265 1127 1347 IuniS,
1150 1265 1291 1346 patibula,
1311 1281 1396 1338 xxvl

147 1366 252 1427 tibulus
276 1366 377 1478 iubete
402 1385 455 1427 suc
479 1368 624 1446 quidquid
647 1365 712 1428 loco
732 1367 828 1428 condi.
866 1368 943 1432 dolie
962 1386 1031 1429 cum
1051 1371 1117 1428 vinc
1136 1368 1229 1443 bis1n
1244 1371 1291 1430 die

108 1473 193 1579 ¹⁰A³f⁰
217 1480 434 1554 extergeantur,
458 1476 615 1553 privasque
631 1473 767 1552 scopulus
782 1476 812 1534 in
827 1474 904 1535 doliu
928 1474 1015 1534 tacito
1039 1475 1148 1536 habeas
1171 1476 1214 1536 illi
1237 1478 1290 1559 rei,

147 1581 199 1658 qui
221 1578 301 1639 labra
326 1576 472 1640 doliorum
496 1581 708 1641 circumtrices.
745 1580 798 1640 ubi
821 1583 878 1641 erit
899 1580 1008 1642 tectum
1029 1583 1092 1642 dies
1111 1584 1240 1663 triginta,
1265 1585 1290 1643 si

145 1685 220 1747 bene
249 1686 401 1747 deecinate
429 1695 518 1748 crunt
545 1687 634 1768 dolie,
663 1687 795 1748 oblinito.
833 1691 859 1748 si
886 1689 966 1749 voles
995 1690 1031 1749 dc
1060 1690 1141 1750 ieece
1171 1691 1289 1751 demere

145 1794 258 1875 vinum,
282 1802 346 1855 tum
370 1795 428 1854 crit
449 1796 477 1854 ei
499 1796 544 1855 rei
568 1797 713 1874 optimum
736 1802 863 1874 tempus,
906 1760 959 1818 V

233 1900 396 1962 Sementim
424 1901 526 1983 facito,
555 1903 688 1982 ocinum,
716 1903 834 1982 viciam,
863 1902 981 1963 faenum
1005 1880 1168 1986 graecum,¹
1183 1904 1288 1987 tabum,
1306 1919 1406 1979 xxvfl

144 2039 356 2048 ———...—--

214 2112 228 2161 ⁷
249 2106 303 2161 erit
320 2108 382 2161 lora
402 2107 478 2161 Pic'n.
494 2111 536 2175 14,
551 2113 590 2162 86
662 2113 677 2162 8
692 2108 842 2163 Vindemitc
855 2108 932 2162 facta
945 2124 967 2163 c.
979 2114 1017 2164 68
1090 2115 1124 2164 10
1137 2109 1287 2180 purusque

59 2216 61 2220 ·
142 2196 383 2279 scopulcsc.152

216 2399 230 2445 1
250 2393 281 2447 R.
296 2390 412 2446 XXVIII
430 2392 492 2446 Una
510 2394 575 2446 cota
592 2395 612 2444 ἡ
630 2392 757 2446 seruetur
770 2390 797 2446 A
815 2390 879 2446 Vue
898 2394 979 2448 cocta
996 2394 1028 2447 ut
1045 2395 1171 2449 seruetur
1185 2395 1286 2466 bVict.‚

142 2483 205 2537 Uua
222 2482 304 2535 coctu
320 2481 353 2534 ut
376 2482 522 2535 seruentur
542 2481 570 2533 P
592 2480 665 2536 Vina
683 2481 764 2536 cocta
786 2482 819 2535 ut
837 2483 983 2536 seruentur
1001 2483 1059 2537 cod.
1078 2482 1165 2538 Lacr.
1181 2487 1286 2552 30,10,

142 2570 244 2625 Vinum
263 2571 374 2625 coctum
393 2587 447 2641 quo
466 2571 516 2624 fiat
534 2571 617 2626 modo
635 2588 651 2624 v
724 2587 808 2638 quom
828 2569 924 2626 uinum
945 2572 988 2626 Vc
1007 2588 1061 2640 quo
1080 2571 1186 2640 uinum,
1204 2575 1286 2628 sedo

140 2661 172 2716 in
190 2677 291 2715 rasura
309 2660 344 2728 A,
365 2678 451 2729 quum
469 2660 566 2715 uinum
585 2661 601 2715 b
620 2660 759 2728 quomodo
776 2659 872 2714 uiuum
882 2661 899 2728 f
950 2677 1034 2728 quom
1052 2661 1162 2731 legetur
1181 2661 1210 2713 P
1224 2677 1286 2715 com

118 2750 249 2820 ‘legetur
268 2751 294 2804 A
313 2767 398 2819 quum
416 2750 527 2820 legetur
544 2751 573 2805 R
591 2767 655 2804 cum
673 2749 783 2819 legetur
800 2766 817 2804 v
897 2756 913 2803 3
932 2748 1063 2820 recentis]
1083 2749 1207 2820 regentis
1225 2751 1286 2804 AR

140 2840 269 2910 regentes
289 2840 317 2892 P
333 2840 459 2894 recentes
478 2856 494 2893 c
566 2845 583 2892 4
600 2839 690 2894 lector
709 2839 814 2896 estibus
833 2841 912 2909 (corr.
932 2839 1005 2894 Iectc
1024 2837 1144 2894 restibus
1162 2844 1194 2894 ut
1211 2841 1285 2894 vide·

140 2952 186 3002 twr
201 2947 238 3015 P)
257 2946 387 3002 subtecto
397 2946 477 3013 PAf
490 2948 579 3001 lector
597 2945 719 3001 aestibus
739 2944 886 3001 subterreis
901 2964 915 3001 c
932 2941 1018 3002 lecto'
1033 2946 1139 3020 estibus
1153 2949 1284 3004 subtento
1337 2952 1340 2958 '

140 3036 155 3090 b
174 3035 261 3090 lectos
279 3035 401 3090 cestibus
420 3035 619 3090 substernitoc
637 3034 711 3088 lecto
730 3032 836 3088 retibus
854 3034 983 3090 subtentc
1003 3035 1147 3091 Vetanus.
1168 3054 1190 3091 c.
1210 3038 1284 3093 lecto

139 3125 243 3165 insutus

140 3176 260 3231 restibus
276 3177 406 3231 subtento
420 3177 453 3230 iu
470 3179 593 3246 marcide
611 3177 759 3246 adscripsit
775 3176 803 3230 P
882 3175 1003 3230 cribrum
1016 3178 1051 3244 fc
1066 3178 1173 3232 cribum
1189 3179 1284 3233 PAbc

212 3265 255 3319 illi
273 3265 313 3318 rei
324 3264 476 3334 Iucumdttc,
494 3266 571 3319 illius
590 3265 631 3319 rei
640 3265 732 3320 PAR
751 3264 810 3321 eius
828 3264 868 3318 rei
887 3281 903 3317 c
975 3269 991 3318 5
1011 3264 1175 3320 lucumAIt
1193 3267 1281 3321 lutum

145 3356 171 3408 V
240 3353 379 3409 uicarium
398 3353 522 3423 picatum
540 3371 557 3407 c
575 3353 715 3408 uicarium
733 3352 853 3423 pilatum
873 3352 965 3407 PAR
1049 3352 1079 3406 id
1090 3353 1181 3424 bene]
1201 3355 1283 3409 ibene

139 3446 165 3499 A
248 3444 378 3501 dobliun
396 3460 464 3498 corr.
486 3443 526 3497 -ni
544 3444 572 3496 A
654 3441 827 3511 IpeuIetim
848 3440 948 3498 PAR
960 3442 1140 3510 paululumc
1222 3443 1283 3498 lore

140 3533 387 3604 cremasteras
410 3531 500 3586 VAR

210 3629 226 3690 8
248 3623 281 3678 It.
303 3621 435 3677 XXVIIII
452 3620 602 3676 Vindemia
625 3620 703 3674 factu
721 3621 753 3672 ut
771 3636 839 3674 usse
856 3620 966 3674 corcula
988 3621 1067 3688 (uase
1084 3620 1236 3693 torcularia
1254 3622 1281 3691 b)

139 3711 312 3779 subligentur
330 3711 471 3778 AbVIct„
500 3709 648 3764 Vindemia
670 3712 702 3763 ut
725 3724 794 3763 uasa
818 3707 928 3762 torcuIa
952 3707 1127 3777 subligentur
1147 3710 1175 3762 P
1201 3709 1281 3776 Quod

138 3798 281 3852 uindemia
298 3799 376 3871 facte
393 3816 463 3854 uase
480 3800 686 3868 reponunturc
775 3795 895 3850 fascinus
913 3796 940 3850 A
1030 3796 1202 3866 equidquid
1222 3798 1281 3851 PA

138 3885 270 3956 quicquid
289 3885 336 3940 Rc
445 3885 522 3940 dolie
540 3902 603 3940 cum
621 3883 687 3940 uino
712 3885 768 3940 VR
787 3883 863 3938 doliu
880 3883 947 3940 uino
966 3886 993 3939 A
1102 3891 1135 3939 10
1153 3885 1198 3939 fac
1217 3887 1285 3952 Acf

137 3993 198 4048 face
218 3993 250 4059 V,
268 3994 351 4048 emb
418 3993 614 4061 extergeantur
633 3992 691 4048 VR
709 3993 889 4061 extergantur
901 3992 929 4045 A
997 3983 1124 4060 seopdlus
1142 3992 1169 4045 A
1234 3991 1279 4046 illi

136 4084 177 4138 rei
196 4083 288 4138 PAR
312 4082 390 4136 iliius
416 4081 491 4136 reic
596 4087 627 4135 11
647 4081 695 4150 qui
714 4080 774 4135 PR
801 4085 959 4149 quequeute
976 4096 1079 4134 rasura
1097 4081 1278 4136 ducrumlit·

136 4179 257 4228 mearum
275 4173 302 4226 A
321 4171 418 4240 quise
515 4175 547 4224 12
566 4170 729 4224 deccinucte
747 4170 775 4223 A
873 4168 950 4224 faece
974 4169 1000 4222 V
1015 4167 1076 4224 fece
1094 4167 1155 4222 AR
1245 4174 1278 4224 tc

136 4262 178 4316 rei
195 4278 245 4318 om.
265 4263 305 4328 A,
323 4263 387 4317 add.
413 4259 468 4315 VR
1257 4291 1260 4296 -

208 4357 242 4404 14
260 4351 292 4405 R.
311 4349 389 4405 XXX
408 4349 560 4405 Sementim
580 4349 613 4402 ut
628 4346 716 4402 facias
734 4347 812 4402 APb
836 4345 987 4401 Sementim
1007 4345 1049 4400 uti
1066 4343 1189 4400 fecisse

137 4438 247 4494 ocInum
265 4440 325 4494 AR
344 4457 473 4510 ocymum
498 4438 525 4492 V
627 4437 722 4512 fenum
741 4437 757 4492 b
774 4436 870 4493 fenum
888 4453 903 4493 c
920 4436 1035 4495 foenum.
1056 4433 1232 4490 ernunum
1249 4435 1277 4490 A
