2994 5018
187 324 230 388 86
677 322 833 379 CATONIS

188 494 346 570 pisuiuuur
376 491 492 570 politur.
529 491 674 550 hordeum
703 493 805 569 quium
835 492 946 572 modio,
979 491 1074 551 fabam
1103 494 1205 570 quinta
1233 492 1333 551 modio

188 599 306 659 diuidat.

29 717 169 774 cxxxvu
278 706 398 766 Vincam
423 705 582 766 curandam
606 706 755 783 partiario.
798 705 873 765 hene
898 715 982 767 curet
1006 705 1145 786 fundum,
1169 706 1336 787 arbustum,

188 832 291 892 agrum
316 814 550 873 frumentarium.
593 813 734 890 partiario
758 813 876 872 saeuum
900 821 930 873 et
952 813 1110 893 pabulum,
1134 811 1211 891 quod
1237 811 1338 872 bubus

189 922 260 980 satis
284 921 354 999 siet,
379 921 432 997 qui
456 918 515 978 urie
539 921 625 978 sient.
663 925 761 978 cetera
786 921 882 979 omnia
906 937 960 998 pro
985 919 1119 979 indiuiso.
1351 938 1365 978 5

29 1036 183 1096 cxxxvlll
283 1025 376 1084 Boves
408 1027 490 1085 feriis
521 1027 701 1102 coniungere
732 1024 810 1085 licet.
852 1026 924 1085 haec
956 1025 1026 1086 Ircet
1056 1027 1166 1085 I'acere:
1196 1025 1341 1086 arrehant

189 1134 282 1213 ligna,
307 1131 425 1213 fabalia,
449 1133 645 1212 frumentum,
676 1133 754 1210 quod
779 1150 838 1192 non
863 1133 987 1193 daturus
1011 1135 1075 1193 erit.
1118 1131 1218 1212 mulis,
1243 1134 1340 1214 equis,

191 1243 281 1301 asiuiS
306 1241 395 1299 feriae
420 1237 530 1319 nullae,
554 1241 613 1298 nisi
637 1241 717 1298 siin
741 1239 849 1298 familia
873 1247 951 1298 sunt.

48 1358 176 1415 rxxxlx
286 1346 399 1407 Lucum
424 1343 581 1404 conlucare
605 1344 736 1404 Romano
760 1363 843 1404 more
867 1347 910 1404 sic
934 1353 1060 1423 oportet.
1102 1363 1193 1422 porco
1221 1346 1341 1424 piaculo

131 1504 134 1509 .
189 1457 290 1533 I'acito,
324 1456 366 1513 sic
397 1451 486 1511 verba
519 1453 681 1531 compito,
715 1447 753 1511 ‘si
781 1452 868 1532 dous,
898 1453 923 1510 si
952 1451 1005 1511 dea
1034 1470 1079 1531 eS,
1113 1454 1235 1530 quoium
1263 1451 1339 1514 illud
1357 1473 1383 1510 10

190 1579 306 1622 sacrum
332 1567 389 1638 est,
424 1560 468 1618 uti
497 1557 551 1618 ubi
580 1560 626 1618 urs
655 1566 701 1618 est
728 1577 819 1637 porco
849 1558 966 1637 piaculo
995 1560 1091 1618 lacere
1121 1557 1236 1618 illiusce
1261 1562 1342 1619 sacri

190 1667 347 1729 coercendi
372 1683 442 1743 ergo
467 1666 633 1744 harumque
657 1684 758 1725 rerum
783 1684 867 1747 ergo,
896 1668 957 1725 sive
987 1684 1041 1743 ego
1065 1667 1126 1725 siue
1156 1667 1223 1745 quis
1254 1667 1342 1726 iussu

190 1794 255 1836 ureo
280 1775 398 1853 fecerit,
421 1775 466 1833 uti
490 1773 519 1833 id
545 1781 626 1833 recte
651 1775 760 1833 Iactum
785 1775 855 1854 siet,
879 1775 944 1833 eius
968 1775 1012 1832 rei
1036 1790 1105 1851 ergo
1131 1779 1159 1832 te
1174 1773 1230 1832 hoc
1245 1792 1341 1852 porco

192 1880 308 1961 piaculo
331 1879 500 1940 Inmolaudo
524 1879 616 1939 bonas
639 1898 744 1958 preces
769 1898 888 1960 precor,
912 1883 957 1940 uti
981 1882 1040 1939 sies
1064 1879 1165 1940 rolens
1189 1881 1341 1958 propitIus

192 1988 264 2048 mihi
288 1987 373 2046 domo
400 1986 584 2064 familiaeque
602 2005 684 2046 meae
703 1986 865 2065 liberisque
880 1988 967 2048 meis:
991 1986 1132 2047 harumce
1149 2003 1250 2045 rerum
1266 2004 1340 2064 ergo
1357 2004 1384 2043 15

171 2218 178 2227 ·
263 2202 278 2250 6
299 2195 388 2249 Boves
407 2193 484 2248 feriis
505 2194 671 2262 coniungere
690 2192 757 2247 licet
777 2193 879 2249 Colum.
901 2194 941 2246 11
956 2199 1005 2260 21,
1022 2199 1039 2248 5
1113 2199 1129 2246 9
1148 2193 1254 2246 Lucum
1273 2208 1343 2247 con·

191 2285 286 2338 lucare
308 2283 386 2337 Plr'rc.
405 2287 450 2349 17,
468 2286 524 2337 2627

265 2460 402 2530 lpolidor
418 2460 509 2514 PAR
527 2459 695 2529 pollictorc
767 2459 902 2513 hordeum
919 2459 999 2526 PAf
1014 2459 1128 2513 ordeum
1149 2461 1205 2514 dee
1282 2476 1343 2515 mo-

193 2551 239 2606 dio
258 2557 371 2619 utroque
390 2551 446 2604 Ioco
470 2549 514 2603 Vb
519 2550 537 2616 f
552 2548 647 2603 modid
667 2555 780 2617 utroque
798 2549 825 2601 A
844 2548 937 2602 modia
955 2554 1069 2618 utroque
1088 2568 1101 2602 c

264 2639 331 2694 3R.
352 2639 462 2693 CXLVI
481 2637 599 2691 Vineam
625 2636 795 2706 redemptori
822 2636 958 2705 partiario
984 2638 1016 2690 ut
1043 2637 1091 2691 des
1110 2639 1192 2693 APb
1223 2637 1343 2694 Vineam

193 2727 364 2797 redemptori
382 2725 517 2796 partiario
537 2725 676 2794 quomodo
696 2725 745 2778 dee
763 2742 787 2779 o.
817 2725 988 2794 Redemptor
1006 2727 1038 2779 ia
1056 2728 1179 2797 marpissa
1194 2728 1344 2796 adscripsit

196 2818 223 2870 P
293 2816 405 2870 Viniam
426 2815 577 2869 curandam
596 2814 732 2884 partiario
751 2813 793 2866 uti
812 2814 860 2868 dea
879 2814 1036 2869 Pontedera
1050 2832 1081 2884 p.
1102 2820 1137 2870 74
1209 2822 1226 2868 4
1245 2816 1343 2870 fenum

194 2907 221 2960 A
248 2905 379 2976 fpnumb
407 2904 520 2958 foenum
545 2903 610 2970 ch
691 2904 721 2956 et
735 2909 830 2970 postea
848 2905 975 2958 additum
993 2921 1047 2960 esse
1064 2905 1173 2961 uidetur
1191 2907 1222 2959 ia
1241 2905 1268 2958 A

195 2994 341 3047 5eaesera
364 2990 390 3044 V

266 3087 282 3135 6
301 3081 332 3134 R.
354 3079 478 3134 CXLVII
497 3081 587 3134 Bouea
605 3080 672 3134 ferie
692 3084 771 3149 (corr.
791 3079 867 3135 feriis
878 3081 928 3150 A2)
949 3081 1107 3136 coniuniere
1126 3082 1231 3138 licedA
1249 3082 1343 3140 Boues

194 3169 272 3225 seriis
298 3170 465 3238 coniungere
493 3169 560 3223 licet
581 3169 627 3223 Pb
656 3171 746 3223 Boues
770 3170 909 3237 quomodo
936 3169 1016 3224 feriis
1041 3169 1208 3240 coniungere
1235 3172 1304 3227 licet
1327 3190 1344 3228 o

195 3261 234 3314 Vt
252 3259 338 3314 boues
358 3256 434 3312 feriis
453 3258 569 3328 iungere
588 3258 642 3313 ribi
660 3257 745 3312 liceat
769 3257 909 3311 Victorius
1007 3258 1060 3311 hec
1078 3257 1146 3313 licet
1167 3259 1259 3314 PAR
1286 3260 1342 3316 hoc

194 3347 295 3402 liceto
343 3375 344 3378 =
387 3348 524 3402 eruebant
545 3347 683 3413 PcVa'ct.‚
710 3348 826 3402 arueant
845 3347 894 3401 Ab
918 3347 1055 3401 aruheant
1072 3349 1253 3414 strahanto
1328 3358 1343 3405 '1

195 3437 249 3491 erit
265 3437 356 3490 PAR
375 3436 459 3491 eriae
531 3442 547 3490 8
568 3437 622 3491 nisi
642 3436 666 3490 ai
683 3437 713 3490 in
732 3434 840 3490 familia
859 3439 923 3491 sunt
938 3436 990 3489 PA
1000 3439 1017 3504 f
1031 3435 1086 3490 nisi
1104 3437 1132 3491 in
1151 3437 1261 3493 familia
1279 3440 1346 3493 sunt

195 3543 230 3581 co
248 3526 303 3580 nisi
321 3524 350 3578 in
370 3519 479 3580 familia'
498 3525 555 3579 sint
574 3527 589 3580 b

267 3621 283 3669 9
307 3615 338 3668 R.
363 3612 499 3668 CXLVIII
528 3616 583 3669 loco
612 3615 800 3681 iraserr'ptr'ouc's
819 3629 904 3667 caerae
927 3615 1020 3668 relicto
1039 3613 1066 3667 A
1100 3613 1345 3679 Quemadmodum

193 3704 290 3758 lucum
310 3703 449 3758 collacare
468 3704 571 3758 debeas
591 3704 635 3756 be.
673 3703 752 3757 deest
776 3703 805 3756 in
829 3703 945 3771 antiquo
972 3705 1121 3772 adscripsit
1139 3705 1167 3756 P
1249 3706 1344 3760 conlu-

196 3865 259 3902 care
281 3848 328 3901 Pc
353 3847 516 3901 conculcare
536 3846 562 3898 A
582 3843 719 3900 collucere
738 3845 773 3911 fo
799 3811 937 3899 colldcare
957 3846 972 3898 b
1064 3851 1096 3898 10
1116 3846 1228 3899 sidens
1248 3847 1271 3900 ai
1291 3849 1346 3902 dea

197 3953 227 3989 es
246 3935 360 4004 quoium
376 3937 523 4005 Victorius,
542 3937 566 3989 si
584 3935 651 3988 deus
671 3934 696 3987 si
714 3934 765 4006 dep
782 3975 787 3987 .
804 3934 932 4001 aquoium
952 3934 997 3988 Pc
1016 3933 1040 3986 ai
1059 3934 1126 3988 deus
1146 3933 1169 3988 si
1189 3935 1239 3989 dee
1260 3954 1344 4004 aquo-

196 4024 254 4077 ium
269 4025 319 4091 Af
334 4024 357 4077 si
376 4024 444 4079 deus
463 4024 487 4078 ai
506 4025 571 4096 depe
586 4025 591 4092 Ι
607 4021 746 4091 aquoium‚
765 4023 811 4076 sed
829 4024 913 4077 deleto
932 4024 963 4076 iu
981 4023 1035 4089 fiac
1052 4039 1144 4078 uersus
1163 4041 1175 4075 s
1196 4025 1211 4078 b
1231 4024 1254 4077 si
1274 4026 1345 4080 deus

197 4113 220 4166 ai
240 4112 308 4166 deae
324 4112 431 4168 cuiuse
505 4118 536 4165 11
556 4111 665 4166 illiuece
681 4111 752 4165 sacri
768 4110 820 4164 VR
834 4110 910 4165 illius
926 4111 1014 4166 cesari
1024 4112 1051 4164 A
1125 4119 1158 4166 12
1173 4112 1341 4169 cohercendi

196 4240 238 4306 cf
310 4239 437 4306 harumq3
461 4236 555 4291 VAR
590 4237 727 4291 harumce
755 4237 894 4291 Victorias
974 4212 1038 4290 indu
1065 4236 1093 4288 A
1181 4244 1213 4291 13
1243 4236 1285 4292 uti
1314 4238 1344 4292 id

203 4360 259 4414 VR
277 4363 309 4413 nt
327 4359 356 4413 id
376 4361 402 4413 A
474 4360 528 4414 siet
546 4360 606 4430 regi
624 4338 686 4424 §te
704 4378 755 4430 pro
772 4363 776 4428 Ι
792 4363 846 4414 hoc
864 4364 891 4414 A
974 4367 1007 4414 14
1025 4360 1221 4416 inmolandoc
1243 4359 1344 4415 immo-

197 4448 281 4504 lando
295 4447 367 4502 VAd
439 4453 505 4521 pecs
523 4452 590 4520 poor
603 4449 631 4504 A
705 4455 738 4504 15
752 4449 873 4504 harunce
893 4467 906 4505 c
925 4452 1027 4505 haruce
1044 4449 1146 4517 PAef
1159 4450 1306 4504 harumace
1325 4468 1342 4504 a
