2994 5018
209 323 251 388 14
705 325 863 381 CATONIS

207 495 278 574 gari,
302 493 484 552 frumentum
507 493 676 573 transferri,
701 500 818 554 stercus
837 494 916 552 foras
931 493 1038 572 efferri,
1065 491 1262 553 stercilinium
1281 493 1356 584 fleri,

207 617 309 693 semen
332 600 467 677 purgari,
492 599 577 659 funes
609 602 713 682 arciri,
737 619 828 660 33333
843 601 921 681 freri3
946 608 1096 682 centenae,
1119 599 1292 661 cuculiones
1316 601 1355 659 f-

168 706 318 766 emiliam
342 709 510 784 oportuisse
534 709 559 766 si
581 709 591 767 i
615 710 733 768 sarcire.
775 727 829 786 per
853 709 941 768 ferias
965 710 1098 785 potuisse
1122 708 1215 768 fossas
1240 715 1355 782 veteres

207 814 331 893 tergeri,
354 815 430 873 viam
454 813 603 891 publicam
627 817 746 895 muniri,
770 833 875 893 vepres
899 815 1001 897 recidi,
1024 814 1145 875 hortum
1168 814 1265 895 fodiri,
1288 832 1354 894 pra·

206 909 270 979 tum'
293 923 430 1000 purgari,
453 923 550 998 virgas
570 922 690 1000 vinciri,
714 923 813 999 spinas
832 923 962 1002 runcari,
981 923 1098 999 expinsi
1117 922 1169 1002 far,
1192 921 1353 981 munditias
1383 935 1395 974 5

168 1031 186 1088 5
208 1027 281 1086 fieri.
319 1046 387 1087 cum
403 1029 481 1086 servi
495 1031 689 1108 aegrotarint,
709 1028 819 1088 ciboria
834 1036 914 1088 tanta
930 1028 994 1088 dari
1008 1048 1068 1089 non
1088 1030 1265 1107 oportuisse.
1302 1027 1356 1088 331

207 1152 244 1194 eu
271 1136 389 1212 cognita
407 1153 501 1213 aequo
521 1137 618 1195 animo
641 1143 723 1217 sunt,
748 1154 822 1216 quae
846 1135 959 1214 reliqua
984 1154 1072 1214 opera
1098 1138 1157 1196 sint
1181 1153 1287 1195 curare
1310 1135 1356 1194 uti

206 1242 407 1318 perficiantur.
451 1245 581 1303 rationes
604 1250 709 1321 putare
742 1244 952 1322 argentariam,
985 1243 1222 1322 frumentariam,
1254 1240 1352 1320 pabuli

207 1367 296 1408 causa
311 1367 386 1428 qrrae
405 1357 505 1428 parata
524 1357 606 1430 sunt;
626 1351 770 1409 rationem
791 1350 942 1430 vinariam,
963 1348 1110 1431 oleariam,
1130 1347 1201 1426 quid
1221 1348 1354 1426 venierit,

207 1456 277 1534 quid
308 1463 443 1516 exactum
468 1458 537 1537 siet,
566 1456 636 1534 quid
665 1456 814 1535 reliquum
844 1458 912 1536 siet,
944 1456 1015 1535 quid
1044 1457 1100 1515 sict
1129 1454 1207 1534 quod
1236 1460 1353 1514 veneat:
1369 1468 1393 1505 1⁰

168 1567 282 1641 tiquae
311 1565 382 1623 satis
406 1563 579 1642 accipiunda
610 1566 681 1643 sint,
713 1567 784 1624 satis
813 1566 1010 1643 accipiantur:
1048 1563 1162 1642 reliqua
1191 1580 1265 1642 quae
1295 1563 1354 1621 sint

206 1671 251 1729 uti
275 1678 461 1749 conpareant.
505 1671 605 1751 siquid
627 1671 703 1732 desit
726 1674 757 1731 in
781 1690 900 1752 annum,
926 1673 969 1731 uti
991 1678 1128 1749 paretur:
1151 1687 1225 1749 quae
1249 1686 1352 1747 super-

206 1778 275 1857 sint,
298 1779 343 1837 uti
362 1785 501 1838 veneant:
526 1797 600 1857 quae
616 1797 691 1858 opus
707 1781 766 1839 sint
787 1778 892 1858 locato,
911 1777 1062 1838 locentur:
1086 1795 1161 1856 quae
1181 1794 1269 1854 opera
1288 1775 1353 1834 lieri

159 1961 162 1964 ἦ
206 1881 276 1942 33111
291 1890 320 1942 31
335 1901 410 1962 quae
429 1884 520 1944 locari
535 1886 618 1966 velit,
639 1888 682 1945 uti
701 1888 827 1964 imperet
847 1894 876 1946 et
891 1904 924 1944 ea
939 1887 1049 1963 scripta
1069 1884 1225 1966 relinquat.
1262 1901 1354 1962 pecus

168 1995 185 2052 7
207 1989 385 2050 consideret.
423 1993 588 2051 auctionem
608 1995 651 2052 311
668 1994 769 2053 faciat:
789 1993 895 2053 vendat
915 1992 1025 2072 oleum,
1045 1995 1070 2053 31
1089 1994 1219 2071 pretium
1238 1989 1394 2069 habeat,15

205 2097 320 2177 vinum,
345 2097 527 2159 frumentum
552 2099 630 2178 quod
655 2103 786 2178 supersit
809 2101 929 2161 vendat:
956 2099 1046 2160 hoves
1070 2099 1198 2190 vetulps,
1222 2104 1353 2158 armenta

206 2201 339 2283 delicula,
364 2223 433 2264 oves
457 2205 607 2287 deliculaS,
631 2206 735 2288 lanam,
758 2207 860 2288 pelles,
883 2207 1030 2286 plostrum
1054 2213 1151 2307 ver,
1176 2205 1353 2300 ferramenta

277 2381 292 2428 3
312 2392 362 2443 per
385 2376 469 2431 ferias
490 2377 591 2432 031331.
615 2377 656 2430 ΙΙ
672 2372 726 2444 11,
745 2382 763 2430 3

206 2487 419 2495 -—.-—...--—-

44 2573 47 2577 ·
277 2543 287 2588 1
312 2534 496 2590 stercilinium
518 2538 623 2603 PAof
637 2538 809 2592 stercilinum
829 2558 843 2595 c
862 2537 1069 2607 sterquilinium
1083 2555 1106 2592 3.
1129 2535 1352 2605 ‘sterquilinium

205 2624 273 2677 fieri.
311 2624 348 2678 13
367 2626 557 2694 antiquissimo
576 2628 674 2693 codice,
694 2628 815 2694 0313313,
840 2644 873 2681 ac
896 2627 1030 2681 Varronis
1047 2643 1149 2695 semper
1173 2625 1352 2680 Stercilinum

4 2663 336 2785 llll<t¹tflhfd>30rpprum
359 2719 411 2768 est:
441 2732 523 2783 quam
550 2717 716 2783 scripturum
744 2717 870 2783 quemuis
897 2731 954 2769 333
975 2715 1133 2784 receperim,
1162 2714 1352 2767 1333333331

4 2782 74 2865 'oct

76 2783 112 2938 ig
122 2790 191 2851 11311·
203 2806 296 2855 331333
314 2802 509 2867 [3333333131
530 2802 669 2859 Victorius
741 2810 756 2858 2
772 2803 880 2858 familia
894 2806 942 2858 oA
961 2803 1069 2857 familia
1084 2802 1140 2856 PR
1213 2801 1351 2856 truncari

4 2889 85 2982 33311
112 2885 161 2969 st)
209 2890 265 2944 VR
289 2891 417 2944 eruncari
435 2892 462 2944 A
553 2891 662 2960 expinsi
685 2893 727 2946 far
750 2844 890 2947 llictorius
913 2894 1026 2946 313331.
1047 2892 1220 2959 Ρ311113333,
1244 2889 1352 2958 expinsi

203 2979 246 3033 lar
267 2978 313 3033 Pe
332 2984 356 3033 et
375 2981 478 3035 codices
502 2980 629 3050 Victorii,
649 2982 755 3050 expinsi
773 2981 816 3035 iar
834 2982 882 3035 Aa
888 2983 906 3048 f
920 2981 1091 3049 cremarique
1110 2998 1126 3033 3
1201 2978 1352 3033 munditias

203 3087 251 3139 Ae
273 3085 429 3141 mundicias
451 3085 496 3140 Vb
569 3095 584 3142 6
604 3087 666 3143 dari
684 3081 878 3160 3331613333,
901 3089 926 3141 3.
946 3105 966 3142 3.
987 3086 1048 3141 dari
1067 3104 1123 3141 non
1140 3085 1263 3155 potuisse
1283 3101 1351 3139 corr.
1428 3152 1432 3157 ,

204 3174 264 3228 dari
282 3193 339 3230 non
357 3174 514 3245 oportuisse
528 3176 556 3228 A
629 3178 677 3232 ubi
692 3177 805 3246 cognita
819 3193 911 3245 aequo
925 3175 1019 3230 animo
1034 3175 1090 3228 sint
1109 3173 1200 3228 VAR
1218 3172 1267 3226 ubi
1282 3173 1352 3227 haec

203 3263 316 3334 cognita
336 3282 424 3333 aequo
445 3264 537 3319 animo
557 3265 630 3319 sient
648 3267 797 3321 Iucundos
869 3271 883 3317 ‘l
905 3280 996 3333 queue
1014 3262 1124 3331 reliqua
1144 3278 1229 3330 opera
1248 3260 1305 3313 sint
1324 3261 1352 3313 A

203 3370 257 3422 que
282 3354 392 3422 relique
415 3371 499 3424 opera
519 3355 608 3409 31313
633 3372 741 3424 quaene
759 3354 869 3424 reliqua
888 3371 972 3423 opera
993 3353 1081 3407 sinte
1100 3367 1171 3420 quae
1192 3366 1278 3419 opera
1295 3349 1352 3402 sint

206 3442 233 3496 V
252 3460 342 3511 queue
366 3460 452 3513 opera
474 3443 566 3511 sintf
635 3449 650 3497 8
669 3444 805 3498 rationem
825 3443 963 3498 uinariam
982 3442 1109 3496 oliariam
1130 3440 1225 3494 PAR
1242 3439 1351 3493 ratione

203 3530 311 3584 uinaria
331 3531 526 3600 oleariaqueo
614 3539 647 3587 10
667 3536 796 3587 exactum
820 3534 876 3587 VR
895 3534 995 3612 331333Ι
1008 3532 1034 3584 A
1123 3535 1154 3583 11
1184 3527 1351 3598 accipiundo
1417 3531 1421 3540 ’

203 3636 259 3691 3131
277 3639 342 3704 Pef
365 3638 527 3706 accipienda
551 3639 608 3693 sint
625 3640 673 3694 Ac
698 3629 860 3709 accipilinda
884 3640 940 3693 sint
963 3640 978 3693 3
1057 3635 1155 3691 tanti
1180 3635 1351 3704 conpareant

202 3725 229 3778 A
253 3725 296 3779 uti
316 3728 494 3794 compareant
515 3728 563 3793 Pf
586 3730 619 3781 31
641 3729 820 3797 compareant
839 3730 854 3782 3
878 3729 921 3781 311
944 3728 1103 3796 compareat
1125 3742 1151 3792 e,
1176 3741 1261 3780 omo

202 3815 275 3868 desit
292 3814 322 3867 in
342 3831 446 3867 annum
466 3814 522 3867 VR
541 3815 614 3869 desit
633 3857 638 3869 .
659 3857 664 3868 .
685 3834 788 3870 annum
802 3817 910 3870 derebus
927 3817 970 3869 331
988 3816 1077 3869 131333
1091 3815 1188 3869 litteris
1199 3818 1264 3882 post
1278 3812 1351 3865 desit

201 3904 294 3960 deletis
308 3904 335 3956 A
409 3920 481 3970 quae
500 3903 638 3973 supersint
657 3906 689 3958 ut
707 3907 829 3959 ueneant
845 3904 935 3958 PAR
955 3921 1026 3972 qaae
1045 3903 1186 3972 supersint
1199 3902 1350 3955 33333313

273 3998 307 4046 14
331 3993 359 4046 31
383 4009 455 4060 quae
474 3993 561 4047 locari
584 3992 655 4047 uelit
677 3995 709 4047 in
727 4012 811 4063 uturp.
832 3995 858 4046 A
936 3993 979 4046 311
997 3993 1117 4060 imperet
1134 3991 1294 4058 331333,
1318 3991 1351 4043 ut

201 4081 320 4152 imperet
341 4082 369 4134 P
385 4081 434 4134 ubi
453 4082 572 4151 imperet
590 4099 603 4135 e
622 4084 740 4151 imperet
759 4101 774 4137 3
849 4088 881 4135 15
902 4082 1040 4136 cosideret
1059 4082 1085 4135 A

274 4177 306 4226 11
326 4171 495 4241 auctionem]
516 4170 763 4224 limitationem
783 4169 825 4224 ati
844 4169 934 4225 fatiat.
967 4169 1122 4224 Aucionem
1135 4171 1162 4223 A
1183 4167 1349 4224 Auctionem

200 4258 241 4311 uti
261 4260 353 4315 faciat.
375 4260 541 4314 Auctionem
562 4260 608 4313 Po
633 4262 794 4328 interposito
817 4261 929 4314 3333133
953 4260 1263 4329 33313111333311311,
1287 4261 1348 4312 ton·

201 4347 306 4403 sionem
320 4351 379 4404 3133
393 4351 535 4404 33331333
608 4349 728 4417 pretium
743 4349 803 4403 AR
822 4349 946 4418 precium
966 4349 994 4401 V
1064 4355 1097 4403 16
1111 4347 1349 4404 frumentatumA

273 4444 304 4492 11
324 4439 460 4506 plostrum
482 4440 580 4493 PAbc
598 4437 755 4506 plaustrum
774 4439 807 4506 fo
884 4438 1041 4494 feramenta
1059 4440 1086 4492 A
1366 4444 1381 4471 ’
