2994 5018
179 363 220 426 70
681 355 837 410 curonis

203 445 209 473 1

178 530 267 603 derit,
292 526 434 587 melanthi
457 523 659 602 acetabulum,
685 523 762 601 quod
787 521 895 582 medici
909 527 1015 581 vocant
1029 538 1230 601 mamaeam,
1253 539 1326 580 con·

178 639 266 696 terito
290 637 321 694 in
344 636 405 693 vini
429 634 537 692 veteris
561 631 687 689 hemina.
725 630 754 689 id
787 648 841 708 per
869 635 956 688 nares'
984 628 1078 688 indito
1107 635 1137 687 et
1164 627 1199 687 ad
1223 629 1325 706 ipsum

178 762 311 803 morsum
335 751 451 801 stercus
476 738 595 799 suillum
620 738 767 816 adponito.
805 744 835 797 et
858 737 936 796 idem
959 736 1029 815 hoc,
1053 737 1079 795 si
1102 753 1175 795 usus
1199 737 1325 815 venerit,

181 851 294 910 bomini
317 849 414 908 facito.

104 964 160 1020 CIII
268 956 362 1015 Boves
386 956 430 1013 uti
454 952 569 1012 valeant
592 960 622 1010 et
646 953 742 1011 curati
765 950 840 1010 bene
865 951 956 1030 sient,
980 957 1010 1008 et
1033 951 1085 1028 qui
1109 949 1259 1008 fastidient
1284 951 1356 1010 oi-⁵

179 1065 263 1144 bum,
287 1065 332 1123 uti
351 1063 443 1139 magis
458 1058 565 1137 cupide
580 1058 732 1137 adpetant,
756 1057 896 1136 pabulum
911 1056 989 1135 quod
1010 1054 1093 1115 dahis
1108 1074 1227 1116 amurca
1241 1074 1325 1134 spar-

180 1175 253 1251 gito;
280 1173 375 1247 primo
396 1166 557 1246 paululum,
577 1166 647 1225 dum
667 1172 871 1244 consuescant,
896 1172 998 1242 postea
1013 1165 1114 1244 magia,
1139 1171 1168 1223 et
1192 1163 1258 1224 dato
1279 1182 1326 1225 ra-

181 1287 282 1339 renter
309 1276 412 1337 bibere
441 1276 620 1334 conmixtam
649 1292 716 1333 oum
745 1291 821 1351 aqua
844 1271 1046 1350 aequabiliter.
1090 1277 1195 1350 quarto
1220 1272 1326 1349 quinto

181 1403 298 1464 quoque
323 1383 370 1442 die
395 1381 450 1440 boc
475 1382 517 1440 sic
542 1381 640 1440 facies.
677 1382 717 1439 ita
741 1379 830 1439 boves
855 1386 885 1439 et
908 1396 1033 1456 corpore
1048 1380 1212 1439 alitationes
1227 1385 1326 1458 erunt,

181 1499 211 1552 et
234 1489 356 1550 morbus
380 1487 483 1547 aberit.
1344 1496 1371 1537 ro

109 1602 163 1658 clv
271 1597 378 1656 Vinum
398 1594 523 1654 lamiIIae
538 1612 592 1673 per
606 1593 733 1653 hiemem
748 1595 800 1672 qui
814 1600 923 1654 utatur.
961 1594 1051 1653 musti
1066 1607 1097 1666 Q.
1112 1609 1135 1653 x
1158 1595 1189 1652 in
1213 1592 1325 1652 dolium

182 1705 289 1784 indito,
314 1705 390 1762 aceti
413 1704 490 1762 acris
511 1717 542 1774 Q.
556 1717 581 1761 11
605 1701 708 1760 eodem
723 1701 879 1780 infundito,
900 1719 987 1778 sapae
1003 1714 1034 1772 Q.
1049 1714 1089 1778 11,
1113 1717 1205 1778 aquae
1229 1698 1327 1759 dulcis

142 1826 213 1883 ao.
229 1825 259 1870 L.
301 1810 373 1869 haec
397 1811 471 1870 rude
496 1812 618 1869 misceto
642 1817 689 1868 ter
713 1810 742 1866 ln
766 1807 813 1866 die
838 1807 901 1866 dies
925 1809 1057 1886 quinque
1081 1808 1247 1866 continuos.
1291 1825 1326 1866 eo

183 1917 281 1977 addito
306 1935 398 1996 aquae
423 1919 552 1976 marinae
577 1916 685 1975 veteris
710 1916 854 1975 sextarios
873 1928 974 1973 Lxlnr
989 1921 1018 1974 et
1033 1912 1207 1991 operculum
1226 1915 1257 1972 in
1277 1913 1327 1974 do·

182 2023 254 2083 lium
288 2025 420 2101 inponito
455 2031 484 2082 et
513 2021 636 2082 obllnito
661 2029 728 2098 post
758 2021 820 2089 dies
840 2036 871 2081 x.
909 2020 965 2080 hoo
993 2021 1094 2080 vinum
1113 2020 1243 2081 durabit
1270 2020 1326 2081 tibi
1343 2032 1369 2070 1⁵

254 2200 269 2247 5
289 2195 378 2248 Boves
396 2194 438 2248 uti
456 2195 569 2249 valeant
589 2193 689 2248 Colum.
713 2193 758 2246 VI
772 2196 802 2260 4,
821 2196 838 2245 4

255 2381 268 2426 1
289 2372 426 2427 melanthi
449 2373 516 2441 (mel
529 2374 531 2442 l
544 2370 634 2425 Ianthi
654 2373 690 2440 A)
709 2372 886 2425 acetabulum
906 2372 981 2440 quod
1001 2371 1092 2424 PAR
1116 2371 1263 2426 melanthii
1282 2388 1327 2425 ac·

184 2464 363 2533 ceptabulum
383 2465 412 2516 eb
431 2461 534 2529 quode
590 2478 748 2514 smurneum
767 2467 792 2515 ct
810 2462 841 2514 in
859 2477 943 2529 marp.
959 2478 1121 2533 nmumpum
1137 2461 1164 2513 P
1181 2477 1328 2515 amuneum

184 2556 210 2607 A
235 2568 395 2607 zmurneum
415 2552 454 2618 bf
479 2550 636 2603 imbrneum
660 2567 674 2604 c
700 2567 858 2618 smyrneum
877 2567 900 2604 o.
940 2549 994 2603 ‘Ia
1021 2549 1210 2618 antiquissimo
1238 2550 1330 2604 codiee

183 2649 271 2698 uetere
289 2643 429 2711 scrlplara
447 2639 640 2694 Zmalnoeam.
662 2671 693 2679 -
712 2639 779 2693 Non
796 2641 880 2694 multo
894 2644 973 2709 poet,
993 2637 1170 2706 Solistitium,
1189 2637 1221 2691 ia
1239 2639 1330 2692 codem

184 2734 262 2798 libro,
277 2749 330 2800 pro
350 2731 512 2798 Solstitiale,
530 2731 662 2798 seraptem
680 2729 728 2783 est’
745 2729 882 2784 Victorias
954 2733 970 2781 2
990 2729 1019 2781 et
1033 2733 1096 2796 post
1114 2726 1205 2781 indito
1223 2743 1273 2782 ota.
1290 2726 1328 2794 A,

183 2822 247 2875 odd.
271 2820 327 2874 Va
414 2826 429 2872 3
449 2819 582 2887 apponilo
608 2818 663 2872 VR
682 2818 796 2886 aponito
815 2817 843 2870 A
928 2817 1037 2871 uenerit
1059 2816 1209 2881 Victoriae,
1227 2831 1328 2869 euene-

184 2909 222 2963 rit
247 2908 335 2961 VAR

256 2996 323 3051 5R.
344 2997 416 3050 CXII
434 2998 523 3051 Boues
541 2997 584 3050 uti
598 2997 712 3051 ualeant
726 2997 809 3052 AVb
883 2994 1008 3063 sientbf
1023 2994 1172 3049 sintsVAo
1244 2996 1329 3050 dad-

184 3088 283 3156 petant
303 3086 380 3140 PAc
399 3087 535 3155 appetant
553 3086 590 3139 bo
669 3086 780 3154 spagito
802 3086 826 3141 A
907 3093 922 3140 7
942 3086 1097 3155 paululum]
1117 3085 1264 3154 pabulum,
1282 3088 1330 3141 scd

183 3176 253 3228 hin
270 3191 371 3228 rasura
390 3174 416 3226 A
507 3173 693 3228 acomixtam
716 3174 792 3228 VAb
811 3175 991 3229 obmistamo
1085 3192 1148 3228 oum
1167 3182 1240 3243 aqua
1259 3191 1329 3232 corr.

185 3282 216 3318 -a
234 3263 262 3316 A
318 3263 436 3331 'quinto
455 3279 564 3332 quoque
585 3262 675 3317 PAR
695 3265 848 3332 quintoque
866 3280 882 3318 o
962 3270 978 3317 9
998 3263 1037 3316 sic
1055 3262 1141 3318 facies
1160 3263 1225 3318 Pbc
1248 3263 1329 3331 Vict,

185 3353 208 3406 si
226 3352 312 3407 facies
330 3354 357 3406 A
362 3354 380 3419 f
394 3352 417 3406 ai
435 3351 534 3407 feceris
552 3369 569 3406 o
641 3354 798 3408 curationes
816 3355 861 3412 A,

258 3447 289 3494 11
312 3441 344 3494 R.
370 3440 456 3494 CXIII
480 3440 584 3494 Vinum
611 3441 716 3496 familie
744 3459 793 3510 per
820 3442 941 3497 hiemem
967 3443 1016 3510 qui
1035 3443 1130 3497 utatur
1148 3443 1197 3497 Ab
1225 3440 1329 3495 Vinum
1397 3474 1405 3490 t

185 3529 309 3584 familiae
328 3548 378 3598 per
394 3531 524 3597 hyemem
543 3531 591 3598 qui
610 3532 706 3585 utatur
726 3532 753 3583 P
769 3527 872 3584 Vinum
890 3530 1014 3586 familiae
1033 3549 1083 3600 per
1100 3532 1228 3600 hyemem
1245 3548 1262 3585 o

185 3619 306 3673 hiemem
326 3619 373 3671 Ab
392 3619 522 3686 hyemem
547 3621 590 3673 Vc
661 3619 746 3674 musti
766 3620 921 3688 quartarios
940 3621 965 3673 X
983 3620 1013 3674 in
1031 3621 1136 3675 dolium
1161 3621 1228 3688 be
1242 3621 1330 3675 musti

186 3760 343 3830 quartarios
359 3709 404 3832 ,ἢ
420 3759 449 3814 in
468 3761 574 3815 dolium
593 3762 621 3815 A
648 3763 734 3818 musti
753 3755 880 3831 qudta'rio
899 3762 925 3816 X
942 3763 972 3816 in
991 3762 1130 3818 doliumc
1158 3762 1242 3816 musti
1261 3780 1329 3831 qua·

186 3848 328 3903 drantalia
350 3849 376 3902 X
400 3848 430 3902 in
453 3850 559 3904 dolium
582 3851 734 3905 Incmtdae.
773 3851 875 3914 ‘Musti
899 3851 1095 3919 quadrantalia
1112 3851 1145 3904 X.
1182 3851 1221 3904 Ia
1243 3869 1331 3906 monn

186 3939 296 4007 scriptia
320 3939 433 4009 lepa'mns
454 3939 630 4008 Quartorios:
657 3940 706 3993 nbi
728 3935 921 3994 uateo'mnlta'a
944 3941 975 3993 ln
1000 3941 1078 4006 locis,
1110 3940 1330 4009 Quadrantalia:

185 4030 218 4083 la
240 4028 341 4095 optlmo
365 4029 525 4097 ecemplarl
540 4034 648 4082 tontum
671 4035 708 4082 cst
731 4031 825 4098 primu
848 4031 907 4084 elne
928 4031 1048 4108 aom'qaie
1070 4029 1167 4083 ‘litera'
1192 4029 1331 4085 Victorias

241 4123 272 4170 12
293 4117 366 4172 aceti
381 4117 452 4170 aeria
467 4135 491 4185 q.
508 4118 533 4170 ΙΙ
547 4117 630 4171 VAR
649 4118 720 4172 aoeti
739 4117 811 4171 acris
831 4119 1026 4188 quadrantalia
1036 4119 1181 4174 locandas
1244 4136 1330 4188 sapae

187 4205 385 4275 quadrantalia
403 4205 428 4258 II
450 4207 528 4260 PAb
552 4223 635 4275 sapae
655 4204 852 4274 quadrantalia
870 4209 924 4263 duo
945 4208 994 4275 oso
1086 4224 1174 4276 aquae
1194 4207 1282 4262 dulcis
1302 4227 1328 4277 q.

186 4295 283 4348 LPA
303 4297 339 4348 bc
357 4311 446 4363 aquae
466 4293 554 4348 dulcis
573 4312 598 4362 q.
619 4293 631 4345 I
649 4296 682 4363 fo
756 4302 789 4350 14
808 4298 943 4352 sextarios
962 4296 1022 4350 AR
1041 4294 1173 4350 sestarios
1198 4296 1224 4349 V
1296 4303 1329 4352 15

187 4384 314 4454 inponito
333 4386 360 4438 A
385 4383 496 4453 iponito
517 4384 545 4437 P
571 4384 709 4452 imponito
727 4385 755 4439 R
773 4384 863 4439 indito
882 4403 897 4439 o
1005 4383 1123 4440 oblinito
1142 4387 1207 4455 post
1226 4385 1285 4440 dies
1304 4387 1330 4439 X

189 4473 359 4529 Gronovius:
377 4475 441 4543 post
459 4490 508 4527 orn.
531 4472 620 4526 VAR
706 4486 709 4491 ·
