2994 5018
219 350 283 416 100
722 349 878 405 curonis

112 519 201 577 uuvll
308 518 349 577 De
373 517 503 578 brassica
529 517 720 598 pythagorea,
746 517 816 597 quid
841 519 871 576 in
895 535 929 576 ea
953 516 1023 576 boni
1047 518 1086 576 sit
1109 514 1361 595 salubritatisque.

217 626 396 704 principium
422 632 450 684 te
474 643 654 703 cognoscere
683 612 813 704 oportet,
842 643 916 703 quae
944 642 1053 701 genera
1076 623 1224 683 brassicae
1249 625 1308 683 sint
1327 629 1363 703 'et

219 734 304 792 ouius
328 731 408 791 modi
431 741 565 792 naturam
595 731 730 791 habeant.
773 732 870 790 omnia
898 731 933 790 ad
963 729 1087 790 salutem
1116 736 1260 808 temperat
1283 748 1363 790 com·

219 845 372 916 mutatque
396 857 461 898 sese
486 857 602 917 semper
627 857 693 898 eum
718 837 828 919 calore,
852 837 932 897 arida
948 835 1036 897 simul
1051 845 1081 896 et
1095 836 1194 896 umida
1214 844 1243 895 et
1266 835 1363 896 duleis

220 954 250 1005 et
273 964 370 1005 amara
400 953 429 1004 et
453 946 538 1005 acris.
563 941 657 1024 †sed
681 963 756 1022 quae
785 952 907 1005 vocatur
935 944 1047 1022 septem
1071 943 1147 1003 bona
1175 945 1205 1003 in
1233 945 1389 1003 connis-5

221 1059 331 1131 turam,
365 1058 470 1110 natura
498 1053 595 1111 omnia
624 1051 696 1111 baec
725 1050 814 1110 babet
837 1049 976 1109 brassica.
1023 1068 1102 1109 nunc
1130 1053 1174 1110 uti
1203 1068 1363 1128 cognoscas

221 1166 357 1218 naturam
380 1175 496 1237 earum,
519 1159 615 1234 prima
639 1165 684 1217 est
707 1157 779 1217 levis
803 1175 877 1236 quae
903 1157 1084 1216 nominatur:
1109 1175 1142 1216 ea
1166 1165 1212 1216 est
1235 1157 1364 1237 grandis,

220 1263 287 1324 latis
311 1245 401 1344 foliis,
426 1263 509 1323 caule
534 1283 653 1345 magno,
678 1264 802 1324 validam
825 1263 915 1323 habet
938 1258 1074 1323 naturam
1099 1270 1128 1323 et
1152 1266 1210 1324 vim
1230 1282 1366 1342 magnam

183 1370 318 1431 ihabet.
365 1370 456 1430 altera
484 1378 529 1429 est
557 1373 668 1452 crispa,
688 1374 824 1449 'apiacon
852 1377 987 1430 vocatur:
1020 1370 1092 1430 haee
1126 1376 1172 1430 est
1202 1376 1307 1429 natura
1337 1378 1367 1430 et
1443 1453 1446 1458 .

221 1485 344 1556 aspectu
367 1476 456 1557 bona,
481 1477 515 1537 ad
541 1480 725 1538 curationem
749 1478 871 1538 validior
894 1486 940 1537 est
955 1495 1042 1557 quam
1058 1495 1132 1556 quae
1148 1495 1237 1556 supra
1252 1478 1365 1554 scripta
1382 1494 1407 1532 ιο

222 1593 275 1644 est.
318 1592 347 1644 et
377 1586 448 1644 item
477 1593 522 1644 est
550 1588 652 1665 tertia,
685 1604 760 1664 quae
790 1584 866 1644 lenis
897 1593 1032 1664 vocatur,
1066 1585 1189 1643 minutis
1222 1583 1367 1662 caulibus,

221 1698 337 1771 tenera,
361 1698 391 1751 et
415 1695 558 1752 acerrima
582 1696 713 1753 omnium
738 1701 784 1752 est
807 1695 944 1774 istarum,
969 1695 1051 1752 teucri
1076 1710 1147 1752 suco
1171 1691 1368 1751 vehementis-

223 1800 304 1858 sima.
343 1806 372 1857 et
395 1800 524 1876 primum
549 1801 637 1879 scito,
662 1799 698 1859 de
723 1798 860 1858 omnibus
884 1798 1025 1859 brassieis
1040 1789 1273 1858 nulia'estillius
1287 1798 1369 1858 modi

185 1907 203 1962 3
224 1905 447 1966 medicamento.
490 1907 525 1966 ad
550 1907 647 1965 omnia
670 1904 793 1964 vulnera
816 1913 949 1965 tumores
973 1923 1037 1965 eam
1052 1907 1210 1965 contritam
1225 1906 1370 1982 inponite.

223 2012 295 2071 baec
325 2014 422 2072 omnia
450 2011 551 2072 ulcera
578 2010 718 2090 purgabit
746 2030 874 2091 sanaque
903 2013 991 2072 saciet
1020 2014 1083 2072 sine
1112 2011 1235 2071 dolore·
1264 2011 1369 2071 eadem
1386 2025 1412 2065 15

224 2118 336 2177 tumida
361 2120 532 2198 concoquit,
562 2119 664 2178 eadem
689 2119 832 2198 erumpit,
863 2117 964 2177 eadem
993 2117 1114 2177 vulnera
1138 2118 1241 2196 putida
1265 2136 1369 2179 cance-

296 2332 312 2379 6
331 2342 404 2379 nuno
422 2325 464 2380 uti
483 2341 635 2396 cognoscas
654 2324 729 2378 Piiu.
750 2329 794 2390 19,
815 2328 875 2378 136.
913 2327 961 2391 20,
981 2329 1018 2378 79

298 2528 311 2573 1
339 2482 379 2575 De
403 2518 525 2574 brassica
546 2518 722 2588 pythagorea
745 2519 811 2588 quid
835 2520 863 2572 in
883 2537 916 2574 ea
935 2519 1111 2586 (Debrassioa
1129 2524 1284 2591 pytagorae
1303 2524 1373 2592 quid

225 2648 255 2700 in
274 2618 306 2700 ei
326 2646 353 2713 a)
373 2643 439 2698 noni
458 2644 495 2697 su
514 2643 751 2712 salubritatisque.
780 2643 952 2712 Principium
969 2643 1061 2698 Pan
1079 2645 1220 2715 runcino
1239 2648 1271 2700 u
1289 2648 1374 2702 auctu

226 2737 291 2790 uooi
309 2735 410 2803 capitis
428 2751 488 2786 cum
506 2733 620 2786 rubrica
639 2733 714 2798 Quot
731 2732 870 2786 brassicae
889 2749 992 2800 genera
1011 2735 1129 2802 atquae
1148 2736 1281 2789 naturae

227 2830 243 2876 2
263 2838 413 2892 cognosere
432 2821 460 2872 A
532 2827 547 2872 3
567 2821 679 2888 teporat
696 2821 724 2872 A
796 2822 1004 2888 eommutatque
1029 2821 1173 2890 Victorius,
1193 2826 1373 2894 oimetatque

228 2913 255 2966 P
279 2929 341 2966 eom
364 2911 509 2976 metatque
527 2909 555 2961 A
584 2909 825 2980 commetatqupb
854 2924 916 2961 cum
936 2911 1130 2978 mactatquec
1159 2915 1379 2982 comecatques

228 3002 443 3067 conmoetatque
454 2999 510 3052 cod.
521 2997 609 3051 Laur.
620 3002 665 3063 30,
676 3002 712 3051 10
721 2999 888 3065 comeatque
899 3014 923 3050 a.
941 2997 1038 3051 ‘eruum
1047 3004 1154 3054 tautum
1164 3003 1266 3055 modice
1276 3004 1374 3056 uaria-

227 3091 328 3155 uiuiue,
337 3104 392 3157 pro
408 3086 697 3152 commutatatum
711 3087 833 3155 antiquis
848 3086 1034 3141 Commoetat'
1053 3088 1189 3143 Victorius
1260 3097 1278 3143 4
1293 3091 1374 3146 arido

233 3179 329 3244 VAcf
343 3175 463 3229 arridae
535 3175 617 3228 simui
642 3173 737 3228 umida
755 3175 806 3242 Af
828 3175 911 3228 simul
934 3175 1050 3231 humida
1066 3177 1111 3231 Pe
1130 3177 1210 3231 simul
1231 3179 1374 3235 tumidab

228 3266 310 3322 simul
336 3265 486 3318 humidoo
558 3267 587 3318 et
605 3262 729 3317 dulei‘et
746 3280 841 3318 amaro
866 3264 954 3317 VAE
1008 3268 1072 3320 oet
1091 3266 1161 3320 acris
1182 3268 1240 3321 PR
1268 3270 1296 3322 et
1316 3271 1375 3324 acri

229 3357 256 3409 A
275 3357 343 3422 (tto
424 3356 540 3407 uocatur
559 3354 659 3419 VAbf
671 3354 839 3407 uocanture
916 3356 1024 3422 septem
1043 3354 1116 3408 bona
1140 3356 1227 3409 VAE
1250 3359 1374 3426 septem-

229 3445 310 3499 brina
327 3445 359 3498 iu
375 3444 534 3512 margines
607 3443 637 3496 in
656 3443 839 3496 eimixturam
858 3443 935 3496 PAb
954 3442 983 3496 in
1002 3443 1171 3498 conmistura
1190 3461 1204 3498 c
1222 3444 1251 3497 in
1270 3445 1374 3499 comix-

187 3572 190 3577 -
229 3538 321 3586 turam
333 3535 358 3599 ·f
370 3531 557 3585 incomixtao
630 3517 707 3585 e'uti
725 3549 877 3599 cognoscas
902 3532 958 3587 VR
980 3533 1013 3585 ut
1031 3535 1182 3602 eognoscat
1200 3550 1269 3587 corr.
1288 3551 1331 3588 -as
1347 3536 1375 3588 A

302 3628 317 3674 9
337 3621 434 3674 Altera
447 3620 624 3674 rubricatori
648 3621 739 3674 littera
757 3622 788 3673 iu
805 3623 832 3673 A
924 3622 1040 3691 apiacon
1058 3622 1214 3676 uocaturP
1229 3627 1253 3674 et
1271 3623 1375 3678 codices

235 3764 350 3818 Victorii
353 3781 362 3828 3
382 3763 446 3831 apia
465 3764 636 3816 conuocatur
652 3762 680 3816 R
700 3761 765 3830 apia
777 3729 905 3815 ciiocatur
923 3763 949 3815 A
969 3763 1035 3831 apia
1053 3764 1169 3817 uocatur
1187 3781 1210 3818 o.
1248 3762 1376 3833 Apiacou

231 3854 262 3906 iu
279 3853 403 3920 maraine
422 3851 570 3919 adscripsit
591 3851 624 3904 P.
658 3867 742 3919 quam
761 3849 889 3919 apiacam
907 3852 1009 3904 vocant
1029 3851 1142 3904 Plinius
1161 3857 1206 3919 19,
1225 3858 1287 3917 136.
1316 3855 1375 3920 for-

230 3938 417 4009 tasse'apiaea
436 3955 507 4008 quae
525 3942 642 3994 uocatur
766 3945 799 3992 10
818 3956 902 4008 supra
922 3939 1025 4008 scripta
1044 3942 1087 3992 est
1106 3940 1141 3992 Et
1159 3940 1227 3994 item
1247 3944 1288 3996 est
1307 3943 1382 4007 Atf

230 4030 374 4083 rubricata
392 4027 415 4079 E
434 4030 524 4083 littera
544 4030 575 4082 iu
593 4030 634 4095 A,
661 4047 745 4098 supra
764 4031 806 4082 est
824 4027 890 4082 EST
909 4030 937 4082 et
955 4028 1023 4082 item
1043 4029 1086 4082 est
1103 4030 1194 4097 spatio
1208 4036 1272 4098 post
1290 4047 1377 4100 supra

232 4121 275 4174 est
292 4119 385 4172 relicto
404 4135 426 4187 e,
446 4135 529 4187 supra
548 4118 652 4188 scripta
670 4120 714 4172 est
732 4118 800 4172 item
820 4119 863 4171 est
884 4118 911 4170 P
928 4134 1012 4186 supra
1030 4117 1134 4186 scripta
1152 4118 1220 4173 item
1240 4122 1315 4188 estu
1358 4136 1359 4141 ’

234 4215 264 4262 11
285 4211 403 4262 uocatur
421 4208 462 4261 bis
480 4209 611 4276 saeptum
630 4209 676 4261 seri
691 4209 839 4275 posteriore
857 4208 913 4260 ioco
932 4207 1047 4261 deletum
1064 4205 1093 4258 A
1187 4213 1219 4261 12
1240 4224 1305 4262 suco
1326 4209 1376 4263 Ab

232 4314 313 4352 succo
336 4295 382 4370 Vi
405 4295 517 4350 sulcoe
594 4302 626 4349 13
646 4291 777 4350 brascicis
796 4295 824 4350 A
901 4301 935 4349 14
953 4293 1082 4364 inponito
1101 4297 1128 4348 A
1155 4296 1294 4366 imponito
1320 4297 1377 4351 VR

305 4391 337 4439 16
357 4384 507 4453 concoquit
529 4383 586 4436 VR
612 4383 783 4456 conquoquit
800 4383 827 4435 A
916 4383 1015 4452 putida
1036 4382 1113 4437 PAc
1136 4384 1250 4453 putrida
1268 4386 1304 4438 bo
1324 4403 1377 4454 pu-

233 4473 332 4539 ridaf.
372 4473 512 4527 ‘Vulnera
537 4472 637 4542 putida
656 4488 849 4540 canceresque.
887 4472 985 4526 Prisca
1002 4473 1067 4526 baec
1086 4473 1175 4540 lectio,
1202 4475 1252 4528 ubi
1274 4475 1305 4528 iu
1330 4491 1377 4529 ea·-
