2994 5018
426 328 473 380 nn
494 326 582 380 noni
602 325 775 382 ovnrvnt
795 325 823 380 o.
846 326 1015 383 141-143
1245 325 1287 390 89

143 495 289 572 modoque
314 494 439 574 cibaria,
464 495 637 554 vestimento
652 493 779 553 lurniliue
794 492 859 553 dari
873 502 1003 572 oportet,
1028 493 1128 552 eodeni
1145 495 1189 553 uti
1203 501 1288 553 curet

143 603 289 682 iaciatque
313 619 419 661 moneo
443 600 622 678 dominoque
646 600 724 661 dioto
749 601 871 660 audiens
896 603 942 660 sit.
986 600 1041 659 lior
1066 599 1204 680 arnpliuS,
1229 618 1287 678 qno

127 709 229 768 'modo
256 708 369 768 riliearn
395 710 437 768 uti
461 715 632 785 oporteret
656 725 714 785 qno
738 707 825 767 niodo
850 725 901 766 eae
925 710 1065 785 irnperuri
1089 717 1220 788 oportet,
1245 710 1288 768 uti

144 815 271 875 adventu
296 814 407 874 domini
432 833 506 893 qnae
531 833 605 892 opus
635 821 705 873 sunt
729 821 871 891 parentur
895 823 1098 893 curenturque
1122 813 1287 891 diligenter.

116 923 246 984 ovilieue-
271 940 346 1000 quoe
371 929 440 980 sunt
464 923 574 1001 ollioiu,
602 929 704 981 curato
729 923 824 981 liciat.
867 923 892 980 si
921 940 985 980 earn
1012 920 1068 980 tibi
1096 920 1211 981 dederit
1238 921 1288 981 do·
1308 931 1411 988 txhlll

143 1033 241 1089 minus
266 1047 397 1109 uxorein,
421 1048 454 1089 ea
470 1038 532 1090 esto
548 1038 715 1090 contentus,
753 1048 786 1088 ea
810 1037 840 1089 te
857 1036 968 1088 metuet
985 1029 1080 1088 lecito.
1111 1047 1147 1088 ne
1163 1031 1287 1089 nimium

143 1137 296 1196 luxuriosa
326 1136 389 1195 siet.
433 1138 544 1196 vicinas
573 1136 703 1215 aliasque
732 1136 873 1197 mulieres
898 1155 986 1214 qnam
1009 1137 1165 1195 minimum
1188 1143 1289 1196 utatur

144 1262 216 1304 neve
246 1243 365 1303 domum
394 1261 467 1303 neve
495 1243 530 1303 ad
560 1262 625 1303 sese
656 1245 789 1322 recipiat.
831 1243 867 1303 ad
897 1262 999 1303 oenarn
1024 1261 1121 1321 nequo
1146 1251 1193 1302 eat
1216 1261 1289 1302 neve

144 1350 320 1411 ambulatrix
344 1353 409 1411 siet.
448 1369 509 1410 rom
534 1350 661 1409 divinam
686 1368 723 1409 ne
748 1350 834 1409 saciat
859 1367 931 1409 nere
947 1348 1078 1428 inardet,
1103 1349 1154 1426 qui
1177 1366 1231 1426 pro
1256 1368 1289 1408 eo

106 1478 131 1516 ιο
146 1458 246 1535 iaciat,
270 1457 387 1527 iniussu
411 1456 523 1515 domini
547 1465 598 1516 aut
621 1457 764 1515 dominae.
808 1457 882 1515 seito
907 1455 1058 1513 domiuum
1087 1474 1141 1532 pro
1166 1463 1226 1515 tota
1250 1456 1288 1515 le-

145 1561 223 1622 milia
247 1580 310 1622 rern
335 1563 462 1623 (lirinum
488 1565 593 1624 l'aeere.
631 1565 740 1624 munda
765 1565 834 1623 siet:
860 1562 955 1622 villain
975 1581 1147 1622 conversam
1167 1562 1327 1622 munde-2

145 1688 202 1749 que
226 1669 347 1730 habeut:
373 1670 470 1728 locum
494 1686 603 1746 purum
618 1670 851 1729 uireurnversum
870 1668 992 1748 cotidie,
1015 1670 1189 1746 priusquam
1208 1669 1289 1729 cubi·

146 1784 208 1837 tum
236 1784 296 1856 eat,
325 1776 438 1836 habeut.
482 1775 629 1855 kalendiS,
652 1774 764 1855 ldibrio,
789 1778 889 1855 nonis,
918 1777 1012 1836 festus
1041 1775 1104 1834 dios
1132 1795 1200 1835 cunr
1225 1779 1289 1857 erit,

145 1901 283 1943 eoronam
308 1885 338 1942 in
363 1885 462 1943 l'oettnl
484 1882 580 1961 indat,
609 1900 662 1960 por
692 1882 871 1962 eosdemque
900 1883 964 1942 dies
992 1882 1047 1942 leri
1077 1882 1211 1942 lentiliari
1235 1902 1289 1962 pro

117 1992 228 2069 neopio
252 1989 407 2067 supplicet.
451 1987 551 2049 eibum
575 1988 630 2049 titi
654 1997 684 2049 et
707 1989 833 2049 familiae
857 1997 942 2050 curet
967 1991 1011 2049 uti
1034 1997 1151 2050 eootnnr
1175 1990 1289 2051 lrabeat.

144 2096 265 2173 gallinas
284 2096 391 2156 multus
415 2106 445 2157 et
468 2114 521 2155 ova
546 2097 589 2155 uti
612 2094 727 2155 habeat.
770 2098 833 2174 piro
858 2097 951 2175 arida,
976 2095 1077 2176 sorba,
1101 2098 1187 2176 deon,
1216 2116 1287 2157 iiras
1308 2100 1327 2156 3

144 2221 259 2283 passae,
289 2201 376 2262 sorba
404 2204 435 2262 in
459 2221 528 2281 supa
552 2210 581 2262 et
609 2204 673 2280 pira
697 2211 727 2262 et
751 2221 822 2262 uvas
845 2205 876 2262 in
900 2203 986 2262 doliis
1011 2210 1040 2262 et
1068 2203 1143 2263 rnala
1167 2211 1289 2284 strnue,

145 2328 216 2368 rivus
244 2311 274 2368 in
306 2311 432 2370 vinaceis
462 2312 546 2370 etin
570 2311 669 2370 urceis
697 2311 727 2368 in
756 2309 986 2370 ter1u·obrutas
1020 2320 1050 2370 et
1082 2329 1173 2371 nuees
1206 2331 1289 2390 pree·

220 2523 251 2570 16
270 2515 331 2585 piru
345 2517 424 2571 arido
438 2523 488 2573 e?
504 2518 580 2572 Ptin.
596 2522 640 2583 15,
654 2522 691 2571 eo*
747 2524 779 2572 18
799 2534 882 2572 nuces
897 2518 1089 2588 praenestinus
1105 2518 1178 2572 Plio.
1195 2523 1239 2586 15,
1253 2526 1290 2574 90

220 2737 232 2783 1
253 2731 377 2785 familiae
396 2730 458 2785 dori
476 2731 533 2785 PR
552 2730 686 2801 familieq3
706 2731 767 2785 dari
783 2733 808 2785 A
829 2731 889 2786 duri
907 2730 1031 2786 familiae
1052 2751 1065 2787 u
1152 2731 1193 2786 uti
1212 2735 1291 2787 curet

146 2820 286 2888 facietque
306 2821 362 2874 PR
385 2819 437 2875 uiti
457 2824 535 2874 curet
553 2820 696 2889 faciatque
716 2823 742 2873 A
765 2821 806 2874 uti
826 2839 905 2876 eures
923 2821 1098 2890 faciasqueu
1207 2828 1223 2875 2
1244 2822 1290 2877 do-

146 2909 279 2978 minoque
298 2911 377 2978 (corr.
398 2909 493 2977 -nique
513 2909 553 2962 Al
571 2916 603 2964 nt
619 2911 738 2978 videtur)
763 2909 838 2963 dieto
862 2909 977 2964 audiens
1002 2910 1038 2964 sit
1058 2911 1149 2964 PAR
1177 2911 1290 2966 domino

109 3049 117 3058 ,
147 3016 219 3067 quoe
238 2998 312 3052 dicet
330 2997 447 3053 audiens
467 2997 537 3052 sisu
620 3055 623 3059 ,
646 2999 785 3066 quomodo
805 3004 919 3068 utroque
938 3001 995 3054 loco
1018 2999 1092 3067 ch,
1121 3006 1175 3067 quo
1195 3001 1291 3068 priore

63 3163 67 3169 ,
146 3087 224 3173 ilino
239 3106 389 3174 posteriore
408 3106 464 3160 loeo
483 3105 523 3172 A,
543 3122 626 3172 quum
646 3111 759 3174 utroque
778 3107 868 3160 loeob
969 3105 1119 3161 3uilicom
1139 3108 1196 3160 PA
1216 3106 1290 3161 uilli-

146 3210 208 3248 cum
227 3193 275 3246 Ro
357 3211 405 3248 eae
425 3211 474 3248 one.
495 3212 519 3263 o,
538 3195 601 3248 odd.
622 3194 711 3247 PAR
782 3194 904 3263 inperari
924 3196 950 3247 A
1026 3195 1068 3248 uli
1088 3196 1211 3250 aduentu
1232 3196 1290 3250 Pe

147 3284 179 3334 ut
197 3282 321 3337 aduentu
335 3283 362 3336 A
381 3282 423 3335 uu
442 3281 470 3335 in
490 3281 614 3337 aduentu
632 3300 648 3336 v

217 3377 232 3424 5
252 3371 283 3426 R.
305 3363 374 3424 CLII
393 3369 501 3426 Vilioae
520 3371 612 3426 officia
632 3370 694 3424 AP
711 3369 829 3426 Villieae
849 3369 942 3426 officie
961 3373 998 3427 bo
1101 3372 1209 3428 Vilicae
1230 3374 1290 3427 PA

146 3458 263 3514 Villicue
282 3459 330 3514 Ro
427 3477 498 3527 quae
518 3462 582 3513 sunt
600 3458 692 3513 officia,
716 3460 773 3514 VR
792 3458 883 3515 offitio
901 3479 980 3530 quoe·
993 3464 1057 3516 sunt
1075 3462 1102 3514 A
1201 3469 1216 3517 ‘t
1237 3463 1290 3518 siet

147 3547 252 3603 uicinas
277 3549 331 3603 VR
355 3549 408 3604 siet
427 3551 456 3603 ei
475 3536 580 3604 uicinas
599 3550 626 3602 A
717 3566 801 3618 quum
822 3550 966 3605 minimum
991 3551 1047 3604 VR
1067 3550 1288 3619 quam-nimium

146 3636 173 3690 A
245 3644 260 3692 8
280 3654 350 3692 neue
369 3639 482 3692 domum
501 3638 557 3692 PR
576 3655 630 3693 neu
649 3638 762 3692 domum
780 3640 807 3692 A
828 3656 898 3694 neue
917 3640 953 3694 od
972 3641 1084 3695 domum
1103 3659 1119 3695 o
1193 3658 1290 3695 cenem

147 3725 194 3777 Ae
212 3741 309 3796 equam
329 3727 344 3779 b
363 3744 477 3781 coenam
502 3727 528 3780 V
625 3734 640 3780 9
659 3744 694 3781 ne
712 3727 799 3781 faeiat
817 3729 854 3783 bv
873 3728 902 3781 ni
921 3733 1001 3798 (corr.
1019 3743 1055 3784 ne
1074 3736 1105 3785 ut
1124 3732 1232 3785 uidetur
1253 3730 1288 3799 A)

148 3810 234 3865 faciat
253 3814 414 3886 PAfViot„
434 3814 463 3868 ni
481 3815 566 3870 faciel
585 3835 599 3870 e
671 3816 720 3885 qui
738 3833 789 3886 pro
808 3834 841 3871 ea
860 3817 920 3872 AR
939 3819 987 3887 qui
1006 3821 1120 3888 propter
1139 3827 1173 3873 ee,
1195 3819 1220 3872 V
1306 3875 1309 3879 ,

150 3907 178 3952 11
200 3901 358 3977 mundoque
377 3902 481 3958 habeut
499 3904 587 3958 PAR
613 3905 801 3973 mundamque
825 3906 961 3962 habento
1072 3914 1104 3961 13
1124 3907 1177 3960 Kal
1196 3908 1290 3962 Idibus

145 3989 226 4044 nonis
246 3989 274 4041 P
303 3989 450 4045 Kalidibus
479 3993 558 4047 nonis
582 3995 600 4060 f
628 3994 764 4050 culidibuo
793 3995 873 4050 nonis
897 3998 946 4050 Ao
979 3996 1150 4051 Kolendibue
1178 3997 1290 4051 noniec

147 4077 276 4134 Calendis
295 4079 410 4134 nonino
490 4080 577 4135 festus
596 4081 655 4136 dies
677 4082 732 4136 VR
751 4082 810 4137 dies
829 4084 916 4138 festus
936 4087 962 4138 A
1044 4092 1076 4139 14
1095 4104 1145 4155 per
1165 4085 1288 4140 eosdem-

147 4185 199 4235 que
218 4167 279 4222 dien
298 4169 358 4222 AR
369 4169 451 4239 Vico,
478 4188 527 4240 per
546 4187 593 4224 eos
612 4171 731 4239 denique
750 4171 808 4226 dien
830 4174 857 4225 P
873 4191 923 4242 per
943 4192 990 4230 eos
1009 4173 1103 4244 itaque
1123 4174 1182 4228 dies
1202 4193 1217 4229 o

220 4263 252 4311 15
272 4257 391 4328 suplieet
410 4260 438 4313 A
521 4266 553 4313 16
573 4277 654 4314 soruo
672 4266 785 4330 utroque
803 4262 859 4317 loeo
880 4264 981 4333 PAR,
1001 4267 1083 4320 sorbo
1096 4265 1191 4333 priore
1209 4281 1289 4318 serua

145 4348 293 4413 posteriore
312 4349 402 4403 locon
460 4355 491 4404 17
512 4351 619 4403 struteu
637 4351 652 4404 b
673 4352 799 4405 struthea
820 4352 900 4420 PAf
921 4357 1042 4409 struetea
1061 4372 1074 4410 o
1093 4353 1193 4408 strutio
1210 4372 1226 4408 o·

152 4441 184 4489 18
204 4433 326 4490 uinooeis
347 4439 382 4492 bo
403 4438 520 4494 uinaeiis
540 4439 618 4507 PAf
632 4439 747 4495 uinuliis
766 4459 780 4495 e
869 4440 898 4496 in
917 4444 1007 4510 terrae
1026 4444 1053 4496 A
