2994 5018
442 351 490 408 nn
509 353 597 409 scm
617 354 789 426 cvnuvna
808 357 836 412 o.
857 357 984 414 31-34
1246 360 1288 422 41
1325 410 1330 421 .

146 533 262 587 cecato:
287 533 413 597 itiam
427 543 515 604 quam
528 525 685 584 minimum
700 531 843 604 castrato,
867 527 980 604 potius,
1004 527 1030 585 si
1044 543 1119 604 opus
1135 528 1205 607 erit,
1228 527 1288 587 dei-

146 631 695 716 Quamnam
732 633 822 692 vitem
846 630 990 693 novellam
1013 634 1136 693 resicari
1156 640 1217 693 tum
1233 636 1290 695 erit

146 749 277 820 tempus,
300 739 353 800 ubi
375 737 492 798 valebit.
530 740 556 798 si
579 739 662 797 vinea
687 756 703 796 a
726 739 784 797 vite
803 736 884 798 calva
899 739 971 818 erit,
996 738 1095 800 sulcos
1108 741 1290 819 interponito
1310 746 1329 802 3

146 847 247 927 ibique
271 846 467 907 viveradicem
492 847 597 926 serito,
621 843 757 905 umbram
780 844 816 904 ab
841 845 932 906 sulcis
955 854 1105 906 removeto
1125 847 1300 927 crebroque

119 954 252 1034 5loditn
285 956 317 1013 in
336 955 419 1013 vinea
435 960 534 1013 vetere
550 954 641 1012 serito
665 953 797 1032 ocinum,
822 953 848 1012 si
870 970 968 1013 macra
983 955 1041 1013 erit
1056 940 1151 1037 (quod
1166 973 1289 1033 granum

143 1035 242 1140 capiat
271 1080 307 1121 ne
332 1053 452 1143 serito),
482 1068 511 1120 et
539 1062 652 1120 circum
669 1061 772 1138 capita
795 1059 894 1120 addito
918 1056 1056 1142 stercus‚‘
1076 1060 1188 1141 paleas,
1213 1063 1290 1123 vina-

146 1186 226 1246 ceas,
251 1165 500 1247 adquisitorum,
525 1185 583 1245 quo
607 1168 718 1226 rectius
742 1165 844 1226 valeat.
880 1165 933 1226 ubi
956 1168 1038 1227 vinea
1063 1167 1201 1229 frondere
1225 1187 1290 1228 oo—

147 1276 233 1353 pcrit‚
256 1276 433 1353 pampinato.
475 1275 575 1333 vineas
599 1272 727 1333 novellas
751 1272 867 1351 alligato
891 1272 1006 1354 crebro,
1029 1293 1067 1343 ne
1087 1273 1186 1335 caules
1207 1277 1330 1352 prae-4
1418 1285 1420 1291 ’

147 1382 328 1460 fringantur‚
357 1387 387 1440 et
410 1399 485 1460 quae
508 1382 566 1440 iam
590 1383 619 1440 in
644 1382 787 1458 perticam
806 1378 873 1459 ibit,
902 1381 967 1440 eius
993 1382 1147 1459 pampinos
1171 1388 1290 1442 teneros

108 1495 134 1533 1⁰
148 1485 265 1564 alligato
284 1485 389 1548 leviter
408 1488 622 1565 corrigitoque,
641 1488 691 1546 uti
705 1493 786 1547 recte
801 1493 945 1563 spectent.
983 1486 1032 1546 ubi
1052 1506 1108 1547 uva
1124 1489 1202 1547 varia
1226 1489 1291 1548 lieri

148 1595 289 1716 ιοᾹιίῐῖ
312 1595 387 1654 vites
410 1593 565 1674 subligata,
593 1595 762 1674 pampinato
786 1610 917 1672 uvasque
941 1593 1088 1674 expellito,
1112 1595 1226 1654 circum
1246 1614 1290 1654 oa

148 1702 208 1780 pita
233 1703 331 1762 sarilo.

237 1807 380 1869 Salictum
394 1827 448 1870 suo
463 1816 596 1887 tempore
612 1807 726 1868 caedito
726 1807 945 1896 ‚XlP-Qe
977 1826 1005 1867 ie
1025 1807 1110 1868 allia
1094 1828 1150 1870 a.o
1180 1809 1329 1870 librumb

148 1922 333 1996 conservato,
358 1934 427 1976 cum
450 1934 525 1994 opus
549 1917 607 1974 erit
629 1916 660 1974 in
685 1916 782 1995 vinea,
806 1933 840 1974 ex
866 1933 901 1974 eo
921 1917 949 1974 in
966 1933 1071 1993 aquam
1086 1918 1206 1997 coicito,
1229 1916 1289 1978 alli-

107 2032 133 2072 15
149 2029 225 2098 gato.
263 2024 383 2102 vimina,
407 2021 485 2082 unde
510 2020 648 2081 corbulae
672 2022 756 2102 liant,
780 2028 962 2081 conservato.
1048 2082 1051 2087 ,

237 2127 335 2188 Redeo
359 2128 394 2188 ad
419 2130 582 2187 sementim.
620 2128 672 2188 ubi
686 2131 814 2207 quisque
829 2126 912 2187 locus
931 2128 1141 2206 frigidissimus
1160 2132 1290 2207 aquosis·
1310 2125 1436 2185 XXXIIII

84 2284 86 2289 .
148 2236 300 2313 simusque
324 2237 394 2315 erit,
426 2233 469 2294 ibi
491 2237 622 2312 primum
645 2237 745 2296 serito.
787 2237 817 2294 in
841 2233 1017 2295 caldissimis
1040 2235 1113 2295 locis
1137 2226 1292 2296 sementim

222 2428 255 2476 15
274 2421 379 2491 vimina
396 2439 418 2478 c.
438 2427 472 2477 31
571 2428 603 2477 16
623 2422 671 2477 ubi
689 2421 806 2491 quisque
824 2421 902 2476 locus
923 2423 998 2477 Plin.
1018 2427 1068 2489 18,
1085 2427 1139 2478 163
1148 2439 1203 2493 sqq.

221 2601 353 2654 leucate
382 2599 438 2653 VR
465 2601 548 2655 ocato
571 2601 598 2653 A
689 2605 704 2652 2
729 2598 897 2666 biennioque
926 2599 982 2653 VR
1009 2599 1157 2669 bianioque
1175 2601 1203 2654 A

221 2688 308 2744 uitam
327 2705 459 2757 cupersan.
479 2688 507 2741 A
579 2686 693 2743 resicari
713 2688 814 2755 PAcf
827 2686 993 2752 resiccarib
1020 2688 1140 2743 resecari
1158 2687 1220 2742 A'o

147 2786 201 2832 3a
219 2776 290 2848 vite]
317 2778 366 2830 aut
388 2777 446 2831 uite
472 2793 541 2851 corr.
565 2795 583 2832 a
601 2772 659 2830 uite
678 2777 705 2830 A
778 2777 814 2831 ab
832 2774 890 2832 vite
909 2777 1021 2832 calvata
1040 2775 1095 2832 erit
1114 2777 1229 2832 Plinius
1247 2782 1291 2845 17,

146 2872 202 2923 196
257 2866 369 2920 calua
388 2865 482 2920 PAR
500 2871 525 2921 et
543 2867 646 2922 codices
670 2867 794 2935 Victorii,
813 2862 959 2922 caluatao
1049 2866 1149 2966 taine
1168 2865 1290 2920 radicem

148 2956 192 3012 Pc
209 2955 333 3010 radicem
351 2953 416 3010 uiue
435 2973 503 3012 corn.
523 2956 588 3011 uiue
606 2955 730 3011 radicem
748 2955 776 3008 A
794 2955 873 3012 uiuet
891 2955 1014 3012 radicem
1033 2958 1049 3012 b
1067 2954 1132 3011 uiua
1150 2954 1259 3010 radices
1276 2956 1295 3023 s

148 3043 360 3098 uiuiradicemc
379 3042 475 3098 uiuam
493 3044 617 3099 radicem
636 3046 740 3100 codices
755 3046 848 3100 Plinii
919 3045 1064 3101 umbaram
1079 3062 1147 3101 corr
1163 3045 1349 3100 umbram

148 3132 176 3186 A
248 3131 283 3186 ab
303 3133 387 3187 sulcia
407 3133 433 3186 V
449 3149 466 3186 a
485 3131 570 3187 sulcis
589 3133 653 3186 AR
725 3134 870 3189 bacinum
893 3135 951 3188 PR
969 3135 1096 3190 occinam
1115 3134 1143 3188 A
1161 3152 1288 3204 ocymum
1317 3182 1319 3186 ,

148 3238 164 3277 c
236 3220 310 3288 quod
329 3237 448 3290 granum
468 3221 545 3291 capit
560 3222 675 3277 Plinius
748 3224 906 3292 lcoeperit
924 3222 968 3278 Vb
987 3223 1093 3294 ceperit
1106 3223 1153 3278 Ac
1225 3230 1290 3279 8ne

148 3309 242 3363 caules
264 3308 490 3378 praefringentis
511 3310 569 3364 PR
601 3328 635 3365 ne
659 3311 733 3366 cales
756 3312 964 3381 praestingatur
982 3312 1009 3365 A
1041 3329 1076 3367 ne
1100 3312 1194 3367 caules
1213 3314 1290 3366 satae

148 3397 389 3468 perfringanturv
417 3416 451 3453 ne
470 3398 559 3453 caulis
576 3400 783 3469 praefringatur
801 3400 914 3455 Plinins
1004 3407 1020 3454 9
1038 3401 1103 3471 ibit]
1128 3400 1169 3454 ibi
1188 3402 1214 3452 A
1238 3400 1291 3456 init

114 3486 117 3490 ’
148 3490 250 3544 codices
270 3487 363 3542 Plinii
425 3488 562 3557 panpinos
581 3488 608 3541 A
673 3495 706 3543 10
725 3489 914 3560 corrigitoque
939 3490 983 3544 Vb
1002 3496 1027 3545 ct
1044 3490 1146 3544 codices
1166 3489 1291 3556 Victorii,

148 3575 322 3646 corigitoqua
335 3576 414 3644 ,Aci
431 3575 621 3646 porrigitoque
647 3578 749 3633 codices
769 3578 861 3633 Plinii
972 3578 1015 3633 uti
1039 3582 1114 3634 recte
1134 3580 1210 3634 stent
1230 3578 1291 3632 Pli-

148 3667 213 3719 niaa
276 3666 324 3718 nbi
342 3683 398 3721 uua
422 3667 480 3720 VR
499 3666 546 3721 ubi
564 3667 648 3721 uinea
666 3667 694 3720 A
757 3674 787 3722 11
808 3669 931 3738 coeperit
955 3668 980 3721 V
997 3667 1103 3738 ceperit
1121 3669 1168 3723 Ac
1186 3669 1292 3742 ceperit

149 3754 164 3807 b
237 3769 361 3822 unasque
379 3754 408 3808 A
481 3761 513 3809 12
533 3755 619 3811 sarito
639 3755 718 3823 PAf
732 3756 817 3811 serito
837 3758 872 3811 bc
890 3756 1025 3812 sarritoo

222 3847 261 3895 13·
278 3842 310 3896 R.
333 3842 462 3898 XXXVII
486 3844 620 3899 Selicium
643 3847 676 3899 ut
698 3862 748 3900 suo
771 3846 898 3915 tempore
922 3845 1054 3901 caedatur
1072 3847 1199 3904 AbVict.
1243 3848 1290 3902 Sa-

148 3930 247 3985 lictum
272 3947 321 3985 auo
340 3931 467 4000 tempore
486 3933 601 3987 cedatur
621 3933 659 3997 P,
682 3935 741 3988 sine
763 3935 876 3988 rnbricn
899 3939 924 3988 et
946 3937 1012 3990 noni
1033 3937 1134 4005 capitio
1151 3936 1290 3992 indicioo
1334 3944 1338 3958 '

222 4025 254 4073 14
274 4018 375 4074 coicito
397 4019 467 4089 be
487 4020 607 4075 conicito
626 4021 654 4074 A
682 4021 819 4078 coicitoc
846 4023 1010 4079 coniicitoc
1120 4029 1153 4079 15
1172 4024 1288 4096 vimina]

148 4109 225 4163 ninia
244 4125 312 4164 corr.
331 4109 438 4164 nimina
456 4114 488 4163 nt
505 4110 612 4164 oidnar
630 4112 658 4164 A
786 4100 788 4104 Α

221 4206 254 4254 16
273 4200 305 4253 n.
324 4196 468 4251 XXXVIII
486 4197 527 4251 Da
542 4197 660 4252 sementi
678 4198 805 4254 facienda
821 4201 901 4255 PAb
920 4203 960 4256 De
980 4201 1099 4257 sementi
1118 4203 1247 4257 faciunda
1262 4206 1291 4258 et

149 4304 204 4355 quo
223 4287 320 4341 locon
395 4287 510 4341 Reddeo
528 4287 557 4341 A
633 4287 798 4343 asementim
817 4292 844 4344 A
863 4307 931 4346 corr.
951 4292 988 4345 ad
1008 4292 1154 4346 sementim
1172 4293 1214 4345 Aa

219 4374 262 4428 uti
280 4373 395 4444 quisque
415 4375 550 4431 Gesnerue
621 4377 862 4449 aquosisimusquo
876 4380 902 4433 A
977 4385 1008 4433 17
1029 4379 1196 4434 caldissimis
1217 4382 1291 4438 PAc

149 4462 326 4518 calidissimis
345 4466 382 4522 bc
