2994 5018
420 333 468 385 DE
488 331 575 385 AGRI
596 331 766 387 CVLTVRA
786 332 814 386 C.
838 335 998 393 115-122
1232 330 1272 392 Vl

168 500 170 505 '
221 498 323 558 Oleam
347 498 456 579 albam,
481 518 569 578 quam
592 499 757 559 secundum
777 499 953 559 vindemiam
972 499 1017 558 uti
1032 497 1125 578 voles,
1149 499 1192 557 sic
1207 515 1275 557 con·
1294 504 1400 561 CXVIII

132 605 202 665 dito.
241 607 332 665 musti
356 606 531 666 tantundem
554 606 667 686 addito,
697 613 840 684 quantum
864 607 948 666 aceti.
990 612 1089 664 cetera
1113 605 1182 663 item
1207 623 1274 664 con·

133 711 195 772 dito
219 713 273 793 ita,
297 714 342 772 uti
365 730 455 791 supra
479 715 624 792 scrIptum
648 721 701 773 est.

113 814 119 823 ⁴
219 818 376 897 Epityrum
399 819 497 880 album
522 822 640 900 nigrum
664 822 837 898 variumque
857 810 904 878 'sic
924 819 1020 879 lacito.
1058 837 1092 877 ex
1112 817 1185 877 oleis
1200 816 1273 877 albis
1293 824 1373 880 CXIX

103 926 225 1004 enigris
242 912 397 1005 'variisque
422 927 565 988 nuculeos
580 929 676 987 eicite.
714 928 757 986 sic
772 926 899 986 condito.
938 925 1086 985 concidito
1111 926 1203 1003 Ipsas,
1227 924 1274 983 ad·

130 1033 192 1093 dito
224 1032 336 1114 oleum,
365 1042 495 1113 acetum,
529 1023 730 1111 corlandrum‚
764 1035 929 1112 cuminum,
963 1031 1140 1112 Ianiculum,
1169 1040 1274 1110 rutam,

129 1148 269 1201 mentam.
306 1143 336 1201 in
361 1141 492 1202 orculam
516 1141 649 1221 condito,
673 1140 770 1200 oleum
795 1159 884 1218 supra
908 1140 972 1199 siet.
1009 1141 1050 1199 ita
1074 1141 1158 1198 utito.

145 1323 150 1331 Ι
219 1247 351 1308 Mustum
375 1250 401 1307 si
424 1248 504 1307 voles
527 1255 623 1309 totum
642 1266 752 1307 annum
767 1247 890 1328 habere,
912 1249 943 1306 In
958 1246 1129 1324 amphoram
1143 1252 1275 1305 mustum
1294 1251 1361 1308 CXX

130 1354 225 1415 indito
249 1362 279 1415 et
302 1356 444 1415 corucem
464 1356 614 1435 oppioato,
637 1354 785 1415 demittito
804 1356 833 1413 In
854 1355 1007 1432 piscinam.
1044 1361 1111 1432 post
1127 1353 1190 1412 dies
1205 1367 1275 1412 xxx

91 1481 119 1521 10
133 1464 262 1523 eximito.
300 1470 396 1522 totum
419 1480 529 1522 annum
552 1470 683 1523 mustum
708 1464 773 1521 erit.

220 1568 386 1629 Mustaceos
410 1570 453 1628 sic
477 1568 573 1629 facito.
610 1569 723 1628 farinae
747 1568 898 1646 siligineae
922 1568 1053 1628 modium
1067 1585 1160 1627 unum
1175 1575 1273 1627 musto
1293 1571 1373 1628 CXXI

132 1677 328 1754 conspargito.
368 1694 504 1757 anesum,
532 1677 698 1756 cumInum‚
722 1675 817 1753 adipis
832 1691 861 1735 P.
876 1690 916 1755 Π,
940 1676 1020 1735 casei
1043 1673 1161 1754 libram,
1185 1683 1214 1734 et
1238 1675 1274 1734 de

132 1785 213 1861 virga
236 1783 313 1843 lauri
336 1783 483 1864 deradito,
507 1782 610 1842 eodem
635 1783 747 1864 addito,
777 1789 807 1841 et
830 1781 882 1841 ubi
906 1781 1078 1861 delinirem,
1107 1780 1182 1841 lauri
1206 1781 1274 1841 lolia

132 1890 237 1951 subtus
261 1891 374 1970 addito,
398 1908 465 1951 eum
490 1890 610 1968 coques}

107 2015 118 2054 a
222 1997 330 2057 Vinum
354 1998 545 2075 concinnare,
570 1999 595 2055 si
619 1996 723 2056 lotium
747 1994 897 2056 difficilius
920 1994 1068 2055 transibit.
1106 1995 1274 2074 capreidam
1294 2000 1387 2056 CXXII

203 2175 217 2222 1
236 2169 269 2222 R.
290 2167 414 2222 CXXVII
435 2168 531 2223 Oleam
556 2168 649 2223 albam
673 2168 824 2223 secundum
847 2165 1019 2221 uindemiam
1043 2173 1100 2235 qud
1125 2165 1229 2221 mutari
1247 2168 1275 2220 A

131 2258 228 2312 Oleam
248 2258 341 2311 albam
361 2258 513 2311 secundum
527 2257 697 2311 uindemiam
712 2275 795 2326 quam
810 2256 897 2311 utaris
909 2256 954 2311 Pb
966 2256 1044 2324 Vici,
1064 2255 1162 2310 Oleam
1181 2255 1274 2310 albam

131 2346 282 2401 secuudum
301 2345 473 2400 uindemiem
492 2362 548 2414 qua
566 2344 683 2399 utarisv
756 2363 840 2414 quam
860 2346 1011 2400 secundum
1030 2343 1201 2398 uindemiam
1216 2341 1275 2396 PR

131 2443 187 2503 qua
206 2435 358 2490 secundum
376 2434 527 2489 uidemiam
547 2435 573 2486 A
597 2434 749 2488 secundum
767 2434 938 2490 uindemiam
956 2439 977 2501 (Ῑ
995 2450 1011 2487 o
1101 2439 1117 2484 ‘2
1137 2431 1222 2485 musti
1240 2461 1274 2472 -

133 2522 244 2578 condito
263 2525 295 2578 in
316 2541 402 2593 marp.
422 2522 450 2576 A
530 2523 695 2578 tantundem
715 2525 743 2578 R
761 2523 908 2578 tantidem
933 2523 988 2576 VA
1070 2522 1177 2591 addito]
1198 2519 1274 2575 adito

132 2612 159 2666 A
232 2614 342 2684 caetera
366 2614 391 2666 V

203 2701 270 2754 AR.
291 2700 427 2756 CXXVIII
451 2701 610 2772 Epityrium
637 2703 733 2757 album
760 2703 871 2773 nigrum
899 2702 1047 2771 uirumque
1076 2700 1116 2754 sic
1142 2699 1229 2754 facito
1248 2699 1275 2753 A

133 2791 273 2862 Epidicum
292 2791 451 2862 (Epityrum
470 2793 496 2861 b)
525 2792 621 2846 album
644 2791 755 2861 nigrum
778 2793 942 2861 nariumque
966 2789 1006 2846 sic
1031 2790 1117 2844 facito
1136 2789 1181 2843 Pb
1210 2787 1276 2857 Epi·

131 2881 217 2936 iirum
237 2880 333 2936 album
351 2881 462 2950 nigrum
482 2881 511 2934 et
529 2880 671 2935 uariumv
735 2879 882 2950 Epityrum
893 2881 971 2934 PAb
991 2879 1157 2949 Epylhirum
1177 2896 1191 2933 c
1209 2879 1275 2948 Epi-

131 2969 251 3023 lirumc
338 2976 353 3022 5
373 2969 504 3023 nuculeos
524 2968 627 3036 PAcf
640 2970 772 3034 nuculeos
791 2971 807 3023 b
825 2969 973 3024 nucleosv
1059 2975 1075 3023 6
1095 2969 1231 3040 aelectum
1249 2969 1276 3021 A

202 3057 354 3112 feniculum
376 3059 421 3111 Ac
439 3057 591 3130 feniculum
611 3058 626 3111 b
645 3058 816 3112 foeniculum
840 3057 868 3110 V
952 3057 1056 3128 rutam]
1076 3061 1141 3112 rutil
1160 3059 1186 3111 A
1260 3064 1275 3111 I

131 3147 219 3203 utitor
244 3147 332 3200 VAR
1040 3195 1044 3203 .

72 3243 76 3252 '
202 3244 218 3291 8
238 3237 270 3290 R.
291 3234 427 3289 CXXVIV
441 3237 564 3292 Muslum
584 3237 608 3290 si
626 3238 703 3292 uoles
722 3238 814 3292 tolum
832 3255 936 3292 annum
954 3237 1057 3293 habere
1072 3238 1100 3290 A
1111 3237 1136 3290 V
1152 3237 1275 3291 Muslum
1369 3260 1372 3265 ·

132 3325 155 3377 si
172 3325 250 3380 uoles
269 3327 329 3379 tolo
350 3327 452 3379 annob
525 3326 678 3396 anphoram
693 3331 718 3378 A
795 3334 811 3380 9
830 3334 895 3397 post
914 3328 989 3382 diem
1006 3329 1085 3381 XXX
1102 3327 1193 3383 PAR
1211 3329 1276 3397 posi

132 3413 209 3467 XXX
229 3414 337 3468 diemo

204 3509 235 3556 11
256 3504 288 3558 R.
303 3502 402 3558 CXXX
416 3503 519 3558 Vinum
532 3503 704 3561 Musicareos
722 3491 762 3560 sic
780 3505 874 3574 facito,
893 3506 939 3560 aed
956 3507 1040 3560 deleto
1050 3505 1153 3560 Vinum
1168 3511 1193 3560 et
1206 3522 1275 3560 corr.
1367 3547 1379 3554 s

132 3643 289 3698 Musiaceos
308 3645 335 3698 A
360 3648 518 3703 Mustuceos
538 3632 578 3702 sic
602 3647 688 3703 facito
713 3649 758 3702 Vb
867 3649 1011 3719 siligineae
1036 3649 1061 3701 V
1087 3626 1274 3720 siligineaeb

133 3729 261 3798 sigilinae
280 3733 307 3785 A
327 3735 451 3805 saligneo
470 3754 485 3791 c
504 3735 632 3806 siliginee
650 3738 669 3805 f
746 3743 778 3790 12
797 3754 914 3792 anesum
934 3738 1034 3792 PAbc
1052 3755 1168 3792 auesum
1186 3740 1204 3804 s
1218 3738 1275 3792 ani-

135 3837 231 3874 sumu
305 3830 336 3876 13
356 3825 501 3880 definxeria
523 3826 581 3879 PR
600 3826 744 3881 defrixeris
758 3829 806 3881 Aa
880 3833 913 3880 14
932 3844 995 3881 cum
1015 3844 1115 3895 coques
1136 3826 1195 3880 PR
1214 3844 1276 3882 con-

135 3925 202 3978 ques
222 3925 290 3965 corr.
310 3928 363 3965 cun
382 3914 530 3986 coquesA
558 3914 624 3969 dum
644 3931 832 3984 concoquesv
1102 3945 1104 3950 ·

205 4005 239 4053 15
262 3999 295 4055 R.
320 4000 431 4055 CXXXI
450 4002 553 4056 Vinum
577 4003 741 4058 concinnare
765 4005 923 4073 (concinere
941 4008 979 4075 A)
1007 4007 1044 4061 ad
1069 4006 1169 4061 lolium
1193 4006 1256 4061 AV
1260 4009 1275 4062 b

206 4089 365 4159 capreidam
384 4093 440 4146 cod.
460 4090 548 4145 Later.
564 4096 609 4157 30,
623 4098 667 4171 Io,
686 4093 814 4162 capidem
830 4094 875 4160 Vf
889 4095 1018 4164 cupidam
1037 4097 1064 4149 A
1084 4097 1240 4166 campidem
1260 4099 1275 4150 b

134 4179 263 4249 capidem
282 4197 297 4234 c
318 4180 505 4250 l'Capreidam
529 4183 597 4234 coni.
619 4182 785 4237 Politiuncca.
825 4181 1020 4253 ‘Capreidam
1045 4187 1092 4239 uel
1110 4185 1274 4255 iuniperum.

134 4267 236 4323 Contra
253 4271 372 4338 prienam
386 4286 478 4325 uocant
496 4271 528 4325 in
541 4271 664 4341 nanrpc'ne
677 4273 779 4326 aelami
792 4273 893 4327 codicia
911 4276 1002 4328 ecdem
1021 4291 1114 4340 manu,
1132 4274 1275 4343 Capidem,

131 4358 327 4424 scriptumest.
365 4358 432 4413 Non
449 4360 534 4414 multo
551 4363 612 4426 post
630 4359 711 4412 ettam
733 4361 764 4413 ln
782 4362 871 4416 codem
890 4363 960 4416 libro
980 4363 1134 4434 Lagonam‚
1149 4379 1203 4432 pro
1223 4364 1274 4418 La·

131 4447 264 4513 goenam’
288 4446 425 4502 Victorius
1006 4464 1008 4469 '
