2994 5018
235 329 277 391 80
614 314 620 325 '
727 327 883 382 cunonis

234 494 431 573 rubricosum,
455 512 489 553 co
514 513 665 555 amurcam
688 495 849 574 Infundito‚
877 494 975 572 paleas
1004 493 1107 553 indito.
1145 495 1233 554 sinito
1257 495 1378 572 quadri-

235 602 326 662 duum
349 602 501 661 lnacescat.
539 602 590 662 ubi
613 601 689 662 bene
713 603 868 681 Iracuecit‚
896 608 980 662 rutro
1005 600 1162 660 concidito.
1205 599 1256 660 ubi
1279 601 1379 660 conci-

234 709 327 789 deris,
356 708 495 768 delutato.
543 710 583 768 ita
611 727 708 788 neque
736 727 859 788 aspergo
881 687 1019 788 nocebit,
1053 726 1150 786 neque
1178 725 1278 769 munes
1306 725 1379 767 cava

235 816 355 895 lacient,
379 834 476 903 neque
499 815 591 875 herba
615 822 769 896 nascetur,
793 834 889 894 neque
913 814 1074 875 letamenta
1098 815 1234 875 scindent.
1257 832 1297 874 se.

110 930 214 986 CXXIX
322 921 441 1000 dream,
465 922 517 982 ubi
532 923 713 983 frumentum
729 931 852 1003 teratur,
872 924 914 982 sic
930 923 1025 982 lacito.
1063 922 1249 982 confodiatur
1263 923 1380 981 minute
1396 935 1410 974 ⁵

233 1035 326 1108 terna,
360 1046 478 1088 amurca
511 1029 586 1089 bene
619 1038 833 1110 conspergatur
864 1038 893 1090 et
923 1028 1062 1088 conbibat
1090 1022 1178 1107 duam
1207 1028 1380 1106 plurimum.

233 1137 416 1195 conminuito
441 1143 550 1196 tenram
575 1144 604 1196 et
628 1136 760 1216 cylindro
785 1145 836 1197 aut
859 1136 992 1215 pavicula
1016 1143 1186 1214 coaequato.
1223 1134 1276 1195 ubi
1295 1153 1380 1195 coae-

234 1251 321 1322 quata
345 1245 415 1323 enit,
439 1261 535 1322 neque
560 1244 699 1304 formicae
723 1243 863 1304 molestae
888 1251 988 1323 eruut,
1012 1251 1042 1303 et
1057 1262 1125 1303 cum
1139 1242 1257 1322 pluerit,
1281 1241 1380 1303 lutum

234 1353 382 1410 nouerit.

124 1464 216 1520 CXXX
323 1457 482 1517 Codicillos
510 1457 677 1537 oleagineos
705 1466 735 1519 ct
758 1466 857 1518 cetera
881 1458 959 1536 ligna
983 1477 1102 1519 amurca
1127 1458 1218 1518 cruda
1241 1475 1424 1536 perspar-1o

234 1567 294 1643 gito
319 1572 348 1624 et
372 1566 403 1624 in
427 1564 488 1624 sole
512 1567 627 1647 ponito,
657 1565 815 1645 perbibant
839 1566 924 1626 bene.
966 1568 1006 1626 ita
1030 1585 1127 1645 neque
1151 1566 1266 1626 fumosa
1290 1572 1383 1625 crunt

234 1681 263 1733 et
287 1672 434 1733 audebunt
457 1671 541 1732 bene.

111 1784 216 1842 cxxxi
323 1778 391 1839 Pico
419 1779 543 1838 llocente
572 1778 677 1857 dapem
705 1799 759 1858 pro
788 1780 887 1840 bubus
916 1781 1012 1841 lecito.
1054 1787 1155 1858 postca
1180 1797 1270 1840 venno
1295 1797 1381 1839 arare

234 1888 365 1964 incipito.
403 1905 437 1946 ea
461 1886 524 1946 loca
547 1888 677 1963 primum
700 1894 795 1967 arato,
819 1905 894 1966 quac
920 1888 1042 1948 rudecta
1062 1886 1266 1971 harenosaque
1281 1894 1381 1946 crunt.

233 2001 336 2071 postea
360 1995 404 2054 uti
428 2012 563 2072 quaeque
586 1995 758 2071 gravissima
783 2003 812 2053 et
831 1997 1024 2073 aquosissima
1044 2001 1144 2074 erunt,
1169 1997 1208 2055 ita
1227 2001 1381 2072 postremo
1398 2012 1424 2052 15

234 2108 323 2160 arato.
873 2090 877 2098 ’

103 2212 221 2269 CXXXII
328 2207 437 2285 Dapem
465 2207 522 2267 boc
550 2207 636 2267 modo
665 2209 731 2268 fieri
752 2216 882 2286 oportet.
925 2208 986 2268 lovi
1014 2207 1110 2287 dapali
1138 2207 1285 2285 culignam
1318 2209 1382 2266 vini

306 2451 445 2506 uAream
464 2451 512 2505 ubi
530 2451 700 2505 frumentum
717 2452 826 2505 teratur
844 2467 865 2504 c.
886 2456 920 2504 91
958 2451 1033 2504 Puo.
1054 2455 1101 2519 15,
1122 2455 1164 2504 33.
1204 2455 1252 2515 18,
1271 2453 1328 2506 295

306 2546 338 2592 10
358 2539 508 2595 Codicillos
527 2540 688 2610 oleagineos
712 2540 786 2594 Puo.
808 2544 855 2605 15,
874 2544 909 2593 34
1019 2545 1050 2592 13
1070 2539 1135 2594 Piro
1159 2540 1274 2594 florente
1300 2555 1321 2592 c.
1343 2544 1381 2592 50

235 2630 310 2684 Pliu.
330 2635 380 2696 18,
399 2633 454 2684 243

232 2845 293 2897 tare
313 2860 375 2896 cum
394 2843 482 2911 uoles,
501 2845 606 2898 terram
625 2861 708 2911 quam
722 2841 843 2896 maxime
858 2843 994 2896 cretosum
1013 2841 1059 2895 uel
1077 2841 1251 2897 rubricosum
1265 2830 1389 2909 sumiboj

233 2948 266 2986 eo
285 2948 427 2986 amurcam
445 2931 586 2986 infundito
606 2932 754 2986 Iucundos
864 2937 876 2983 1
898 2929 1084 2997 quadriduum
1106 2930 1186 2997 PAf
1200 2929 1379 2999 quadriduum

233 3022 290 3075 beo
363 3028 378 3074 3
399 3037 517 3091 aspergo
542 3020 619 3075 VAb
639 3037 792 3090 aspargoc
868 3025 885 3072 4
904 3021 1052 3086 nascentur
1071 3018 1098 3072 A
1170 3020 1297 3074 scindent
1321 3018 1380 3073 VR

234 3111 344 3165 sindenb
362 3109 390 3163 A
636 3179 640 3185 Ι
903 3166 909 3176 ,
1470 3101 1475 3109 ’

305 3205 320 3253 5
340 3200 372 3255 R.
393 3198 559 3254 CXXXVIII
577 3187 650 3254 XYe‘a
669 3199 808 3268 quomodo
833 3200 882 3253 fiat
900 3198 978 3253 APb
1011 3199 1084 3251 Area
1108 3195 1291 3251 frumentaria
1309 3213 1379 3265 quo-

234 3288 316 3342 modo
335 3289 417 3342 flatu
490 3287 531 3341 sic
549 3288 635 3344 facito
654 3288 803 3358 Inuca,
823 3288 863 3342 sic
881 3287 967 3342 facies
988 3287 1014 3340 V
1083 3288 1222 3350 uternam
1241 3284 1276 3338 A.
1301 3287 1379 3339 creta

234 3378 348 3431 couieu't
366 3377 546 3432 Sebueiduus
565 3379 624 3433 coll.
644 3377 719 3433 Pliu.
739 3383 785 3443 18,
803 3381 860 3432 295
941 3379 970 3430 et
988 3375 1122 3431 conbibat
1140 3376 1166 3428 A
1186 3377 1215 3429 et
1233 3374 1379 3428 combibat

239 3465 295 3520 VR
314 3467 345 3519 ui
364 3465 507 3522 combibat
525 3467 673 3522 Iucundos
776 3473 791 3520 i
813 3464 965 3519 adminuito
983 3465 1048 3519 AV
1078 3463 1259 3519 comminuibo
1278 3464 1306 3517 R

234 3553 360 3623 cylindro
383 3554 447 3609 Vbc
466 3553 584 3610 oilindro
603 3555 631 3608 A
721 3562 736 3609 8
756 3570 819 3607 eum
837 3553 941 3622 pluerit
958 3552 1019 3607 AR
1031 3552 1113 3618 Vua,
1132 3571 1195 3606 cum
1214 3551 1294 3622 pluet
1318 3552 1344 3604 V

306 3649 339 3695 lo
362 3643 395 3696 R.
421 3643 598 3697 CXXXVIIII
620 3643 712 3714 Ligna
735 3660 848 3698 amurca
872 3644 1040 3717 spangantur
1063 3642 1145 3695 APb
1173 3641 1262 3710 Ligna
1285 3658 1377 3695 amur-

234 3749 267 3787 ca
290 3734 512 3801 asparganturo
602 3732 763 3802 oleagineos
787 3732 875 3785 PAR
908 3731 1089 3800 oleaginoso
1175 3732 1286 3784 caetera
1309 3729 1335 3783 V

232 3820 331 3890 lingna
349 3822 377 3875 A

307 3915 339 3963 13
358 3909 391 3964 R.
411 3909 480 3964 CXL
506 3909 568 3965 Pilo
591 3910 707 3964 florente
731 3911 832 3979 dapem
854 3926 905 3978 pro
924 3909 1014 3964 bubus
1033 3907 1093 3962 fieri
1112 3909 1138 3961 A
1171 3906 1236 3960 Piro
1260 3907 1377 3961 florente

234 3999 336 4067 dapem
359 4014 410 4068 pro
434 3999 524 4052 bubus
548 3997 608 4052 fieri
627 3999 722 4053 otuu.
759 3997 792 4050 Pi
815 3998 931 4052 florente
955 3998 1055 4067 dapem
1080 4013 1131 4066 pro
1150 3996 1240 4050 bubus
1260 3996 1319 4048 fieri
1340 3996 1377 4062 P,

233 4090 283 4143 ubi
300 4105 332 4142 ro
348 4092 411 4158 post
428 4086 462 4141 Pi
481 4088 636 4142 eouieetura
653 4088 764 4142 addidit
783 4088 953 4157 Poliu'auus,
976 4087 1084 4155 Dapem
1106 4103 1156 4154 pro
1180 4084 1270 4138 bubus
1288 4101 1304 4138 u

233 4177 297 4232 Piro
322 4177 378 4233 VR
396 4175 458 4231 Pilo
477 4175 505 4229 A
576 4191 627 4244 pro
646 4176 737 4230 bubus
757 4177 855 4246 VAR,
872 4178 919 4230 sed
936 4192 987 4245 pro
1001 4180 1097 4244 posteo
1115 4176 1229 4229 deletum
1247 4178 1285 4228 est
1302 4174 1335 4227 iu
1350 4175 1377 4228 A

307 4273 340 4320 15
359 4264 535 4336 gravissima]
555 4263 729 4319 crassissima
746 4282 832 4335 supra
851 4282 872 4319 e.
892 4269 929 4319 50

307 4362 338 4409 17
358 4357 391 4410 R.
410 4353 493 4408 CXLI
511 4353 619 4421 Dapem
638 4353 777 4420 quomodo
796 4353 884 4407 facias
903 4353 930 4406 A
942 4353 987 4407 Vb
1079 4351 1151 4422 iovi]
1171 4353 1241 4423 ῆι·
1259 4351 1377 4421 Dapalis

235 4445 267 4499 iu
284 4446 407 4514 morpiue
426 4442 573 4512 udocropsit
593 4442 621 4494 P
891 4434 902 4451 ⁹
