2994 5018
244 309 286 373 38
500 347 503 351 -
736 304 893 360 CATONIS

245 495 360 555 ervum,
383 473 524 554 pabulum
544 472 650 533 bubus,
693 473 815 533 alteram
830 479 860 532 et
879 474 997 533 tertiam
1016 471 1117 551 pabuli
1131 473 1274 533 sationem
1290 472 1390 534 tacito.

245 583 351 644 deinde
375 580 446 642 alias
468 582 570 660 *fruges
594 582 694 640 serito.
737 579 851 640 scrobis
874 582 905 640 in
929 587 1065 640 vervacto
1089 579 1175 661 oleis,
1199 579 1299 659 ulmis,
1324 581 1390 639 viti·

245 691 314 769 bus,
342 690 421 749 ficis:
449 687 537 748 simul
565 706 632 747 cum
657 688 769 746 semine
794 688 893 747 serito.
935 689 960 746 si
989 688 1046 746 erit
1074 686 1157 747 locus
1185 689 1295 767 siccus,
1324 694 1391 746 tum

245 797 324 857 oleas
343 814 396 874 per
416 796 571 856 sementim
591 796 691 874 serito,
716 802 840 873 atquae
863 801 931 854 ante
955 800 1035 853 satae
1055 802 1160 873 erum,
1184 801 1302 853 teneras
1325 800 1392 853 tum

246 910 405 991 supputato
430 910 459 962 et
482 901 604 962 arbores
628 901 810 981 ablaqueato.
1422 911 1437 951 5

117 1022 228 1080 XXVIII
336 1009 430 1089 Oleas,
454 1008 558 1088 ulmos,
581 1008 662 1089 ficos,
685 1026 780 1088 poma,
805 1010 887 1088 vites,
911 1009 1006 1089 plnos,
1030 1025 1188 1085 cupressos
1211 1024 1279 1066 cum
1299 1023 1394 1086 seres,

247 1117 322 1177 bene
346 1135 414 1176 cum
437 1114 588 1175 radicibus
612 1115 732 1174 eximito
756 1132 824 1174 cum
848 1122 927 1174 terra
947 1133 999 1174 sua
1019 1132 1106 1192 quam
1126 1113 1251 1191 plurima
1266 1114 1395 1173 circum-

247 1224 404 1303 ligaloque,
435 1223 480 1281 uti
504 1221 581 1281 ferre
605 1223 715 1325 poquis:
744 1222 775 1280 in
804 1220 885 1281 alveo
910 1222 1014 1280 autin
1042 1219 1164 1280 corbula
1188 1220 1259 1279 ferri
1283 1218 1396 1328 iubeto.

248 1338 363 1410 caveto,
392 1347 481 1408 quom
505 1334 611 1388 ventus
635 1331 692 1388 siat
716 1335 767 1388 aut
790 1326 898 1408 imber,
928 1327 1048 1388 effodias
1072 1335 1123 1388 aut
1148 1329 1239 1387 ieras:
1266 1344 1333 1385 nam
1363 1326 1395 1384 id

208 1439 374 1500 anamma
398 1432 561 1494 cavendum
586 1440 639 1493 est.
682 1435 711 1492 in
737 1433 841 1493 scrobe
866 1452 956 1512 quom
978 1451 1085 1516 pones,
1114 1452 1258 1493 summam
1281 1441 1395 1493 terram
1411 1444 1440 1485 10

247 1543 379 1604 subdito:
403 1548 506 1619 postea
531 1541 646 1618 operito
667 1548 746 1600 terra
766 1539 917 1601 radicibus
936 1541 997 1621 fini,
1021 1540 1127 1601 deinde
1143 1540 1253 1601 calcato
1268 1539 1400 1618 pedibus

246 1651 334 1729 bene,
367 1648 473 1708 deinde
502 1648 625 1707 festucis
655 1647 849 1726 vectibusque
877 1647 988 1707 calcato
1021 1650 1242 1727 quamoptime
1266 1648 1397 1724 poteris:

246 1757 276 1816 id
305 1758 362 1816 erit
385 1757 413 1814 ei
440 1757 485 1814 rei
508 1757 646 1832 primum.
685 1753 806 1814 arbores
831 1756 992 1814 crassiores
1017 1754 1118 1832 digitis
1142 1771 1163 1816 v
1193 1772 1267 1834 quae
1296 1761 1397 1834 erum,

247 1882 297 1923 eas
320 1843 469 1940 praecisas
493 1863 584 1920 serito
608 1859 885 1956 0111101000οῤ11100
909 1878 1040 1920 summas
1064 1869 1094 1920 et
1118 1860 1195 1920 iuliis
1219 1859 1344 1938 alligato.

103 1972 228 2031 XXVIIII
338 1969 460 2028 Stercus
484 1968 607 2051 dlvidito
627 1969 678 2026 sic.
715 1974 828 2044 partem
849 1967 999 2026 dimidiam
1018 1969 1048 2026 in
1068 1975 1213 2047 segetem,
1237 1967 1289 2026 ubi
1303 1966 1396 2045 pabu-
1413 1972 1441 2013 1⁵
1477 2015 1480 2019 .

246 2078 306 2136 lum
323 2094 413 2154 seraS,
436 2073 581 2153 invehito,
605 2079 634 2132 et
649 2074 675 2132 si
689 2072 731 2132 ibi
746 2072 810 2132 olea
824 2075 895 2154 erit,
919 2073 1007 2133 simul
1027 2073 1200 2152 ablaqueato
1217 2082 1397 2153 stercusque

246 2183 359 2254 addito:
383 2188 485 2259 postea
499 2178 641 2258 pabulum
664 2182 763 2240 serito.
805 2187 920 2259 partem
944 2187 1080 2259 quartam
1103 2184 1218 2241 circum
1243 2179 1321 2241 oleas
1345 2180 1397 2240 ab·

246 2291 405 2370 laqueatas,
429 2307 519 2367 quom
534 2289 659 2347 maxime
674 2305 750 2366 opus
765 2289 830 2368 erit,
854 2287 953 2347 addito
973 2296 1113 2366 terraque
1133 2296 1249 2348 stercus
1268 2289 1396 2366 operito.

246 2395 459 2405 .....-.-—-—--

318 2433 335 2481 3
354 2426 378 2479 si
397 2425 450 2480 erit
467 2425 546 2479 locus
564 2423 653 2480 siccus
671 2440 692 2478 c.
713 2428 747 2477 61
840 2429 855 2476 6
875 2422 956 2478 Oleas
977 2423 1053 2477 Plio.
1073 2428 1118 2490 17,
1138 2429 1183 2479 83.
1207 2429 1252 2479 85.
1276 2428 1314 2479 87

250 2522 284 2571 15
304 2515 415 2571 Stercus
435 2531 457 2568 c.
477 2518 494 2568 5

320 2646 334 2692 1
353 2639 470 2693 terciam
488 2637 587 2713 pabuli
605 2636 769 2691 seictionem
788 2637 815 2691 A
906 2643 922 2690 2
940 2636 970 2690 in
988 2634 1119 2690 ueruaoio
1139 2636 1195 2689 PR
1218 2635 1246 2690 in
1266 2637 1396 2690 uernatio

248 2731 274 2784 A
301 2727 438 2782 inuectito
464 2743 488 2780 0.
534 2726 665 2795 ‘Antiqui
692 2726 770 2792 libri,
803 2727 835 2778 ln
868 2723 1012 2780 uernacio:
1045 2726 1201 2779 0001001000
1233 2726 1323 2791 ducti,
1356 2724 1421 2780 Iu'

247 2822 390 2882 caroccio,
417 2814 630 2870 mreodooimos'
658 2813 795 2868 Victorius
902 2819 918 2867 3
941 2815 1056 2879 fortasse
1086 2812 1170 2867 simul
1198 2831 1261 2867 curn
1289 2813 1396 2873 semino

196 2915 200 2923 '
248 2905 333 2960 facito
423 2904 536 2958 ‹toleas
554 2919 605 2972 per
623 2901 770 2957 sementim
790 2903 859 2970 Acf
882 2902 957 2957 oleas
975 2918 1025 2972 per
1044 2905 1198 2957 sementum
1218 2904 1234 2956 0
1258 2901 1335 2956 oleas
1354 2920 1396 2957 so·

249 2992 366 3048 mentim
384 2991 518 3046 Poleam
536 3008 587 3061 pro
606 2991 757 3046 sementia
862 2991 1066 3059 bubluqueato
1091 2991 1117 3043 V
1142 2990 1310 3060 adloqueato
1329 2991 1403 3057 Acf

248 3081 438 3152 illaqueatob

320 3177 336 3224 6
360 3171 392 3223 11.
412 3168 502 3222 XXXI
528 3167 612 3223 Oleas
632 3168 788 3236 etreliqua
808 3168 995 3224 seminecum
1016 3170 1088 3237 (cum
1108 3185 1158 3222 om.
1177 3166 1216 3236 A)
1236 3185 1309 3222 seres
1328 3184 1396 3236 quo·

248 3260 331 3314 modo
351 3275 426 3313 aeras
440 3258 501 3311 ΑΡ
516 3257 599 3312 Oleas
618 3256 775 3326 etreliqua
796 3257 902 3312 semina
921 3276 1005 3325 quum
1026 3273 1100 3311 seres
1120 3257 1258 3325 quomodo
1277 3251 1395 3311 faciest

249 3349 332 3404 Oleas
351 3348 473 3404 ultas-et
491 3334 557 3401 ticos
577 3349 607 3402 et
626 3348 751 3402 caeteras
770 3347 882 3402 arbores
902 3364 964 3400 cum
984 3363 1058 3402 seres
1074 3347 1215 3414 quomodo
1231 3362 1335 3400 sei-aso

249 3455 393 3509 cupressos
418 3437 474 3492 VR
493 3453 623 3506 cupresos
641 3437 669 3490 A
777 3442 793 3490 9
813 3452 877 3490 cum
895 3438 995 3491 uentus
1020 3436 1065 3502 Vs
1090 3437 1244 3490 conuentus
1262 3435 1290 3488 A
1308 3453 1396 3505 quum

248 3529 348 3582 uentus
366 3528 382 3581 b
402 3543 465 3581 cum
485 3527 619 3597 cuneatus
637 3542 652 3579 c
760 3527 809 3578 aut
826 3525 900 3579 feras
918 3525 966 3579 Ac
977 3524 1057 3591 Vict,
1076 3526 1126 3579 aut
1143 3543 1218 3583 seras
1243 3525 1288 3578 Vb
1294 3526 1312 3591 f

251 3623 284 3670 10
303 3632 389 3689 quum
408 3631 494 3685 pones
513 3614 558 3670 Pb
578 3631 641 3668 cum
659 3631 746 3683 pones
761 3615 807 3668 Ac
826 3612 875 3681 qui
892 3613 1018 3684 impones
1036 3616 1070 3682 fv
1128 3620 1159 3668 11
1180 3613 1289 3682 operito
1307 3614 1395 3667 terra·

250 3703 359 3759 dicibus
378 3704 405 3757 A
498 3709 530 3757 13
550 3701 653 3773 digitos
672 3703 696 3758 V
714 3702 787 3757 Abc
817 3701 923 3773 digitos
947 3701 1068 3771 quinque
1093 3704 1124 3769 V,
1158 3703 1279 3771 quinque
1299 3699 1397 3772 digitis

252 3794 424 3859 1111010017,
443 3797 480 3847 83
554 3798 587 3863 14
606 3791 744 3862 praecisas
764 3792 821 3846 VR
839 3790 966 3861 praecisa
979 3791 1006 3845 A
1079 3791 1196 3861 alligato
1216 3791 1273 3844 1111
1291 3789 1397 3860 aligato

249 3883 286 3953 A,
305 3880 461 3952 praeligato
481 3882 544 3952 leqe't
563 3881 676 3936 Plinius
693 3886 739 3948 17,
757 3885 795 3936 87

323 3976 355 4025 15
375 3971 406 4023 R.
427 3970 532 4025 XXXII
551 3970 663 4024 Stercus
682 3973 714 4024 ut
732 3969 843 4024 diuidas
857 3970 939 4024 APb
959 3968 1070 4024 Stercus
1088 3969 1124 4023 ad
1139 3970 1251 4025 arbores
1266 3967 1396 4022 colendas

250 4061 293 4115 uti
311 4058 456 4114 diuidasv
530 4056 651 4113 diuidito
675 4059 731 4113 VR
749 4057 839 4114 diuito
858 4058 886 4112 A
960 4064 992 4113 16
1012 4059 1074 4113 olea
1093 4058 1159 4130 erit]
1180 4058 1336 4113 oleadrItA

251 4149 420 4219 ablaqueato
445 4149 488 4203 Vc
506 4147 677 4216 adloqueato
695 4148 723 4201 A
742 4148 903 4218 allaqusato
923 4150 938 4203 b
1031 4154 1062 4203 1⁷
1082 4150 1229 4218 postea-
1249 4147 1345 4202 addito
1365 4149 1397 4202 to

252 4254 337 4307 marq.
357 4237 384 4292 A
439 4236 623 4305 ablaqueatas
648 4236 724 4290 VAc
743 4237 952 4306 allaqueatasb
1010 4241 1042 4290 18
1061 4254 1146 4304 quam
1165 4237 1285 4292 maxime
1299 4237 1397 4306 priore

251 4327 306 4381 loco
331 4325 421 4381 VAR
448 4343 505 4394 qua
524 4325 644 4380 maxime
662 4324 807 4381 Iucundos
830 4352 838 4370 ·
899 4326 1028 4394 terraque
1047 4327 1153 4380 stercus
1178 4327 1243 4394 Vef
1265 4329 1396 4402 terraque

251 4416 409 4486 stercusque
428 4416 455 4469 A
474 4415 549 4471 terra
568 4416 729 4486 stercusque
749 4415 764 4470 b
