2994 5018
192 335 234 398 68
684 335 837 391 CATONIS

192 502 287 581 facito,
312 503 342 561 in
365 521 415 562 vas
439 502 584 563 aheneum
607 503 701 563 indito
725 488 846 579 corigios
865 517 899 562 Π.
923 509 1024 579 postea
1048 502 1110 578 igni
1123 499 1183 559 leui
1206 500 1337 578 coquito,

192 610 326 670 rudicula
350 611 458 689 agitato
483 609 588 670 crebro
613 628 708 688 usque
732 609 813 689 adeo,
839 609 909 670 dum
933 609 984 667 liat
1007 617 1066 666 tam
1090 625 1224 667 crassum
1248 624 1337 685 quam

192 714 258 775 mel.
296 722 398 794 postea
423 718 531 776 sumito
556 716 711 777 bituminis
739 717 906 776 tertiarium
935 723 965 775 et
989 713 1119 793 sulpuris
1143 716 1338 793 quartarium.

154 823 339 883 2couterito
368 825 399 882 in
428 826 569 884 mortario
599 842 733 885 scorsum
762 831 930 902 utrumque.
972 829 1074 900 postea
1102 822 1220 884 inlriato
1249 838 1339 900 quam

193 932 390 990 minutissime
423 932 454 989 in
480 949 630 991 amurcam
663 930 775 991 caldam
809 937 838 990 et
867 928 954 990 simul
988 928 1123 989 rudicula
1156 931 1279 991 misceto
1309 936 1370 989 ets

193 1036 290 1097 denuo
315 1039 435 1116 coquito
456 1036 512 1097 sub
531 1038 584 1097 dio.
599 1037 688 1098 caelo.
728 1056 795 1098 nam
820 1039 899 1097 siin
923 1045 1002 1097 tecto
1027 1055 1146 1116 coquas,
1170 1054 1238 1097 cum
1261 1035 1340 1095 bitu-

192 1161 260 1203 men
285 1152 314 1204 et
338 1143 442 1224 sulpur
465 1146 598 1205 additum
626 1153 685 1225 est,
715 1145 917 1206 excandescet.
959 1143 1011 1204 ubi
1041 1146 1098 1205 erit
1121 1152 1180 1203 tam
1204 1162 1363 1204 crassum·

190 1269 282 1342 'quam
306 1253 434 1331 viscum,
463 1254 552 1312 sinito
577 1253 723 1330 frigescat.
766 1252 822 1313 hoc
852 1253 942 1312 vitem
966 1252 991 1311 c‘
1029 1269 1079 1310 um
1107 1258 1196 1329 caput
1224 1258 1253 1310 et
1282 1249 1340 1310 sub

193 1357 313 1418 brachia
336 1360 474 1436 unguite:
498 1359 687 1419 convolvolus
712 1378 771 1418 non
795 1269 1027 1525 nasceuss

34 1468 191 1526 LXXXllVl
282 1464 358 1524 Oves
382 1483 418 1524 ne
443 1465 563 1525 scabrae
589 1466 667 1526 liant.
700 1484 850 1526 amurcam
869 1484 904 1525 co
947 1467 998 1545 ito,
1022 1483 1127 1545 puram
1150 1464 1225 1525 bene
1241 1464 1340 1545 facito,
1356 1479 1384 1517 ιο

193 1590 298 1649 aquam
328 1576 359 1632 in
382 1590 443 1646 quo
467 1571 588 1649 lupinus
612 1571 771 1632 deseruerit
800 1579 829 1631 et
852 1572 963 1631 faecem
988 1572 1023 1631 de
1048 1573 1115 1631 vino
1139 1570 1230 1651 bono,
1261 1571 1341 1630 inter

194 1697 226 1738 se
250 1680 348 1737 omnia
372 1680 553 1738 conmisceto
576 1680 696 1756 pariter.
733 1685 836 1756 postea
855 1697 923 1738 cum
939 1677 1124 1757 detonderis
1148 1680 1272 1755 unguito
1296 1684 1339 1737 to-

155 1791 173 1846 2
195 1792 252 1862 tas,
275 1786 364 1843 sinito
388 1783 511 1845 biduum
536 1793 586 1845 aut
601 1785 732 1845 triduum
748 1786 921 1846 consudent.
960 1784 1066 1844 deinde
1085 1784 1173 1844 lavito
1197 1785 1228 1843 in
1251 1785 1340 1843 mari:

194 1892 220 1950 si
239 1909 345 1969 aquam
359 1892 502 1951 marinam
518 1909 575 1950 non
591 1891 722 1972 babebis,
746 1892 834 1953 lacito
853 1910 959 1971 aquam
983 1891 1097 1970 salsam,
1122 1909 1156 1951 ea
1179 1889 1275 1950 lavito.
1314 1892 1341 1949 si

194 1997 267 2057 baec
292 2001 334 2058 sic
364 1999 482 2077 leceris7
511 2015 608 2076 neque
638 1988 759 2058 scabrae
789 1998 859 2058 tient
884 2007 913 2059 et
936 1998 1018 2058 lanae
1042 1997 1109 2077 plus
1133 1987 1169 2056 et'
1185 1996 1340 2057 meliorem
1356 2009 1383 2048 15

194 2104 359 2184 habebunt,
388 2111 418 2163 et
441 2105 529 2163 ricini
552 2122 610 2163 uon
635 2115 723 2164 erunt
746 2105 870 2166 molesti.
913 2105 1016 2165 eodem
1040 2106 1070 2163 in
1095 2122 1197 2164 omnes
1221 2104 1340 2182 quadri-

195 2212 285 2291 pedes
308 2213 399 2291 utito‚
423 2213 449 2270 si
472 2210 593 2272 scabrae
617 2218 713 2271 erunt.

38 2319 206 2378 bllllllXVll
288 2319 414 2379 Amurca
438 2319 559 2379 decocta
583 2337 665 2379 axem
685 2321 809 2397 unguite
824 2327 854 2380 et
868 2320 930 2379 lora
945 2330 974 2380 et
988 2319 1177 2380 calciamenta
1198 2326 1227 2379 et
1246 2320 1341 2406 coria':

195 2427 293 2485 omnia
316 2426 438 2486 meliora
461 2427 559 2486 iacies.

266 2622 298 2670 10
319 2616 391 2671 Oves
414 2633 449 2670 ne
468 2617 580 2670 scabrae
599 2615 671 2670 fiant
692 2613 929 2686 Geopon.18,15
959 2614 1059 2672 Uolum.
1084 2616 1150 2671 VII
1165 2620 1196 2683 4,
1215 2621 1232 2671 7

194 2710 227 2759 18
247 2707 369 2759 Amurca
388 2705 504 2759 decocta
527 2705 600 2759 Plio.
622 2708 665 2770 15,
685 2707 722 2758 34
776 2744 779 2748 Α

268 2888 280 2935 1
301 2883 437 2937 aheneum
459 2880 556 2950 PAcf
571 2899 689 2937 aeneum
708 2884 744 2937 bo
815 2890 830 2936 3
849 2882 1004 2936 tertiarium
1028 2882 1070 2936 Vc
1088 2883 1249 2937 berciarium
1267 2884 1347 2951 Abf

266 2972 385 3039 sulpuris
407 2970 466 3024 PA
489 2970 629 3040 sulphuris
650 2973 664 3025 b
670 2973 689 3038 f
707 2971 818 3027 sulfuris
837 2988 872 3026 co
961 2977 979 3024 4
997 2971 1111 3025 initiato
1134 2970 1190 3025 VR
1208 2971 1341 3027 intricate

195 3064 223 3114 A
313 3061 399 3114 sssub
419 3061 465 3114 dio
485 3062 544 3115 celo
566 3059 657 3114 PAR
685 3062 736 3116 sub
762 3061 842 3115 dioc
934 3058 1063 3129 'lsulpur
1083 3061 1142 3113 PA
1171 3061 1287 3130 sulphur
1307 3063 1347 3127 bf

196 3150 337 3204 sulfureo
428 3150 624 3204 exscendescei
641 3150 669 3202 A
754 3151 814 3203 tam
832 3166 964 3218 superscr.
984 3153 1011 3202 A
1097 3150 1236 3204 8circum
1255 3151 1343 3218 caput

198 3291 350 3360 ARVtcr„
380 3292 430 3346 sub
457 3294 542 3362 capui
566 3293 589 3346 V
683 3300 698 3347 9
723 3291 863 3364 conluolus
883 3294 909 3345 A
999 3309 1055 3346 non
1071 3241 1208 3348 lddddbdur
1225 3291 1251 3344 A
1284 3307 1342 3344 non

197 3382 327 3434 nascetur
349 3380 391 3435 Vc
418 3399 472 3436 non
492 3382 605 3436 nocebit
624 3382 664 3448 bf.
709 3381 907 3435 ‘Conuoluolus
929 3397 984 3434 non
1002 3380 1137 3435 nascebit.
1182 3380 1263 3434 Nihil
1281 3379 1340 3432 dis-

197 3476 310 3538 crepant
328 3471 372 3523 bic
389 3487 474 3524 runnu
492 3472 589 3539 serv'pti
607 3472 709 3525 codices
723 3471 757 3525 ab
772 3462 891 3524 excusis?
909 3470 966 3522 uisi
979 3471 1051 3539 quod
1064 3470 1095 3523 in
1108 3470 1231 3539 maique
1243 3468 1341 3535 optimi

197 3560 359 3627 exenaplarr's
377 3561 467 3613 cadem
487 3577 585 3626 mann,
604 3577 659 3628 qun
678 3560 745 3613 liber
764 3563 962 3623 exauctorat,
980 3574 1032 3627 pro
1050 3558 1192 3623 Nascebc't,
1210 3555 1340 3624 Nooebib‚

197 3649 366 3702 eruendorum
384 3648 436 3702 est’
464 3648 608 3701 Victorius.
652 3648 694 3701 isa
716 3664 772 3701 non
794 3647 853 3701 fore
873 3647 1070 3702 conuoluolum
1090 3647 1201 3701 Plinius
1219 3648 1264 3709 17,
1283 3648 1341 3698 264

271 3743 303 3791 10
323 3737 355 3792 R.
375 3737 421 3790 CV
448 3738 520 3792 Oues
538 3755 572 3791 ne
592 3735 668 3791 sabie
687 3736 756 3791 fiani
774 3737 800 3790 A
834 3735 907 3790 Oues
931 3752 966 3789 ne
986 3737 1100 3790 scabrae
1118 3736 1187 3789 fiant
1211 3734 1236 3786 V
1267 3734 1341 3788 Oues

199 3844 232 3880 ne
251 3826 416 3880 scabrefiant
435 3827 450 3879 b
523 3827 636 3880 scabrae
656 3825 701 3880 Vb
722 3825 828 3879 sorabis
844 3841 911 3878 corr.
932 3825 1028 3878 scabre
1042 3823 1069 3876 A
1089 3823 1210 3878 scabiec
1229 3823 1341 3877 scrabre

197 3917 215 3982 f
301 3921 332 3968 11
360 3932 461 3983 aquam
484 3915 596 3984 lupinus
614 3913 729 3983 (lupinis
749 3914 772 3982 c)
797 3913 932 3968 defruerii
952 3913 1043 3967 PAR
1071 3929 1173 3981 aquam
1196 3912 1224 3966 in
1243 3911 1341 3982 lupino

198 4002 350 4057 deferuerii
368 4021 383 4056 o
402 4021 503 4072 aquam
523 4002 572 4056 ubi
591 4003 701 4072 lupinus
722 4001 891 4056 deferbuerit
910 4002 1057 4057 Iucundos
1139 4007 1171 4054 12
1191 4001 1341 4056 comisceto

197 4093 224 4144 A
245 4093 422 4148 commisceto
447 4092 502 4146 VR
592 4092 668 4161 euml
688 4108 740 4146 con
758 4091 786 4144 A
877 4088 910 4145 '14
928 4090 1015 4146 facito
1034 4091 1094 4144 AR
1118 4090 1203 4144 facies
1228 4092 1254 4145 V

200 4187 232 4235 15
253 4182 346 4255 seabip
366 4182 466 4235 fientc
557 4186 589 4235 16
608 4179 699 4234 Ricini
718 4182 749 4233 in
767 4198 853 4250 uturp.
873 4181 1020 4248 adscripsit
1040 4179 1068 4231 P
1156 4180 1341 4250 quadripedes

200 4272 292 4324 PAR
311 4271 505 4340 quadrupedes
524 4288 540 4324 o
596 4269 685 4323 'udilo
704 4270 752 4324 boc
771 4271 826 4324 loco
851 4268 939 4323 VAR

271 4366 303 4413 18
323 4361 355 4413 R.
376 4361 435 4415 CVI
461 4362 583 4412 Amurca
607 4375 684 4410 axem
709 4355 827 4425 unguilo
846 4358 872 4409 A
901 4359 1020 4410 Amurca
1047 4372 1126 4409 exem
1150 4357 1268 4425 unguite
1293 4347 1353 4411 Pu'

197 4446 334 4502 Amuroae
355 4452 524 4518 unguentum
544 4465 560 4500 u
