2994 5018
203 300 245 363 88
695 296 851 353 earours

204 464 447 526 suovitaurilibus
471 464 648 525 laetentibus
675 464 852 525 immolandis
876 473 953 526 esto:
981 464 1059 526 llars
1087 476 1184 546 pater,
1213 466 1350 527 eiusdem

166 573 185 629 l
206 576 248 634 rei
261 592 330 652 ergo
342 581 436 634 inacte
448 572 529 632 hisco
540 571 782 633 suovitaurilibus
797 572 976 633 lactentibus
986 560 1161 669 estossitem
1173 572 1250 650 [esto
1261 572 1349 650 iteru]

205 681 301 741 cultro
317 682 418 741 tacito:
447 689 560 741 struem
575 688 605 739 et
620 680 729 739 fertum
744 680 787 738 uti
803 679 905 760 adsiet,
930 679 998 738 iude
1013 678 1177 740 obmoveto.
1214 679 1266 740 ubi
1280 699 1351 759 por-

123 813 129 822 ·
206 806 273 848 eum
297 786 466 867 iuruolabis,
491 804 598 864 agutur
623 765 821 866 vitulumque,
845 788 888 846 sic
913 794 1044 865 oportet,
1068 781 1203 866 ‘eiusque
1218 789 1263 847 rei
1277 806 1351 865 ergo

205 903 299 955 macte
324 892 567 954 suovitaurilibus
590 892 766 953 irrmolanrlis
791 888 875 954 esto'.
900 890 922 971 †
946 896 1099 954 nominare
1123 902 1202 954 vetat
1225 893 1381 956 Martems

138 1014 145 1025 ·
206 1019 302 1081 neque
331 1019 438 1079 agnum
468 1000 661 1078 vitulumque.
704 1001 729 1059 si
753 1002 851 1060 minus
878 1002 909 1060 in
934 1003 1029 1067 omnis
1052 1000 1162 1082 litabit,
1193 1003 1235 1061 sic
1261 1000 1353 1061 verba

207 1108 367 1188 concipito,
392 1102 481 1168 ‘llars
504 1115 603 1187 pater,
628 1107 725 1186 siquid
750 1107 804 1168 tibi
827 1110 857 1167 iu
875 1108 967 1168 illisce
983 1109 1225 1170 suovitaurilibus
1241 1109 1353 1169 lacten-

206 1213 287 1275 tibus
312 1234 408 1293 neque
432 1216 617 1275 satisfactum
640 1224 699 1295 est,
724 1223 752 1274 te
775 1216 858 1275 bisce
882 1216 1125 1277 suovitaurilibus
1149 1212 1287 1295 piaculo'.
1327 1218 1354 1276 si

207 1341 266 1382 uno
290 1321 442 1383 duobusve
466 1322 626 1402 drrbitavit,
655 1323 697 1381 sic
727 1322 814 1381 verba
838 1325 1001 1403 concipito,
1031 1320 1120 1383 ‘Mars
1144 1331 1242 1404 pater,
1272 1324 1353 1403 quod

208 1428 261 1488 tibi
285 1429 354 1495 illuc
377 1448 469 1507 porco
493 1446 589 1506 oeque
614 1430 797 1489 satisfactum
823 1438 881 1509 est,
905 1439 933 1490 te
957 1431 1013 1491 hoc
1036 1449 1127 1509 porco
1151 1426 1288 1509 piaculo?
1370 1452 1397 1490 ro

103 1537 192 1593 tilhll
300 1535 385 1596 Vilici
409 1537 505 1595 officia
520 1554 595 1614 quae
615 1543 693 1595 sunt.
727 1554 801 1614 quae
817 1537 954 1597 domiuus
974 1540 1168 1618 praeceperit,
1192 1555 1225 1597 ea
1245 1539 1355 1618 omnia,

208 1661 283 1720 quac
308 1643 337 1700 in
362 1642 453 1703 l'undo
478 1644 543 1703 lieri
566 1650 683 1722 oportet
707 1661 842 1722 qiraeque
871 1646 928 1702 emi
952 1646 1109 1722 pararique
1134 1651 1264 1724 oportet,
1293 1663 1355 1723 quo

221 1896 228 1914 ,
281 1855 311 1902 11
333 1847 417 1904 Vilici
437 1850 530 1906 offfcia
549 1868 570 1906 c.
591 1858 608 1906 5

208 2045 282 2099 libus
298 2045 326 2097 P
351 2045 444 2100 hisces
462 2046 528 2100 uoui
547 2045 695 2101 taurssibus
713 2048 784 2114 Aof
809 2046 885 2101 hisce
907 2046 986 2100 suoui
1005 2046 1165 2102 tauribusc
1192 2047 1270 2102 hisee
1290 2049 1357 2102 soli·

209 2133 391 2188 taurilibuso
483 2135 694 2190 limmolandis
715 2136 815 2204 PAbf
841 2135 1024 2189 imolandise
1053 2135 1275 2191 imurolandusu

210 2225 336 2277 amacio
360 2222 436 2277 hisce
456 2223 691 2278 Suouitaurilibus
713 2223 883 2277 lactentibus
906 2225 966 2276 esto
990 2224 1059 2276 Item
1084 2226 1143 2278 esto
1168 2227 1237 2279 Item
1263 2227 1357 2282 cultro
1392 2273 1395 2280 .

212 2313 239 2365 P
260 2315 351 2367 macte
369 2311 459 2366 hisces
478 2311 690 2367 uouitaurilibus
709 2312 861 2367 latentibus
881 2314 940 2366 esto
959 2311 1028 2366 item
1049 2315 1109 2367 esto
1133 2315 1202 2368 item
1222 2315 1313 2370 cultro
1329 2316 1357 2370 A

210 2403 301 2455 macte
320 2400 411 2456 hisces
429 2401 496 2455 noui
514 2400 662 2455 taurilibus
682 2401 740 2455 esto
759 2400 827 2454 item
847 2402 907 2453 esto
926 2400 994 2452 item
1014 2402 1103 2456 cultro
1123 2402 1138 2456 b
1166 2406 1258 2458 macte
1277 2404 1357 2458 hisce

96 2555 99 2561 Ι
212 2489 291 2544 suoui
309 2489 456 2544 taurilibus
475 2490 646 2545 lactentibus
666 2493 725 2544 esto
745 2490 816 2543 Item
829 2490 832 2557 l
845 2489 936 2542 cultro
956 2507 970 2542 c
988 2492 1079 2544 macte
1099 2491 1357 2560 hisce-solilacteu-

211 2579 286 2633 tibus
307 2577 456 2634 taurilibus
476 2580 536 2633 esto
556 2580 626 2632 Item
645 2578 704 2632 esto
724 2577 796 2632 Item
815 2578 904 2631 cultro
924 2596 939 2632 v
1040 2585 1055 2631 3
1075 2578 1160 2633 facite
1179 2596 1248 2636 corr.
1268 2584 1308 2636 -to
1330 2583 1358 2636 A

211 2675 228 2721 4
246 2668 405 2723 immolabis
429 2668 518 2721 VAR
618 2672 633 2720 5
653 2669 743 2722 macte
763 2666 991 2722 suouitaurilibus
1011 2669 1039 2721 P
1060 2671 1166 2723 mactes
1185 2669 1250 2722 uotu
1269 2671 1358 2724 tauri-

211 2757 285 2810 libus
305 2758 343 2824 bf
356 2759 462 2811 mactes
482 2756 548 2811 noui
566 2755 713 2811 taurilibus
729 2773 743 2810 e
761 2757 867 2810 mactes
886 2756 952 2810 uoui
971 2757 1101 2810 bacilibus
1112 2758 1137 2809 A
1157 2758 1263 2812 tractes
1279 2757 1357 2812 hisee

213 2844 415 2900 solitaurilibus
434 2864 450 2899 o
522 2844 691 2899 inmolandis
714 2844 935 2898 Aimmolandis
960 2846 1005 2899 Vb
1028 2845 1212 2901 imolandise
1284 2865 1358 2902 ruar-

212 2937 269 2988 tem
289 2933 381 2987 PAR
399 2937 517 2988 matrem
537 2952 553 2988 o
671 2941 685 2988 7
706 2933 797 3002 siquid
816 2932 870 2987 tibi
889 2932 1024 2988 inillisees
1043 2935 1109 2989 uoui
1127 2935 1254 2989 tauribus
1273 2936 1357 2990 lenti-

212 3025 264 3077 bus
280 3023 285 3090 Ι
301 3039 389 3090 neque
419 3021 593 3076 satisfactum
622 3025 664 3076 est
691 3022 792 3076 teisces
820 3023 1036 3077 uouitaurilibus
1063 3023 1236 3079 lantentibus
1265 3042 1358 3093 neque
1392 3093 1397 3101 Ι

214 3110 328 3165 satisfac
346 3114 349 3179 t
364 3113 425 3164 tum
445 3113 488 3165 est
510 3111 610 3166 teisces
635 3110 850 3166 uouitaurilibus
874 3112 1042 3167 laetentibus
1066 3130 1156 3181 neque
1181 3113 1359 3168 satisfactum

214 3203 258 3254 est
275 3198 376 3254 teisces
395 3218 430 3254 uo
448 3202 451 3269 l
468 3200 681 3255 uouitaurilibus
707 3201 818 3269 piaculo
836 3201 864 3253 A
935 3200 988 3254 tibi
1012 3201 1102 3256 illisce
1126 3201 1358 3258 suouitaurilibus

214 3289 336 3342 lentibus
356 3289 383 3341 P
406 3288 459 3344 tibi
477 3289 506 3342 in
525 3288 629 3343 illisoes
648 3289 714 3344 uoui
732 3289 880 3344 taurilibus
899 3290 1020 3344 lentibus
1040 3292 1055 3344 b
1083 3290 1135 3345 tibi
1159 3292 1187 3345 in
1213 3291 1270 3345 illis
1289 3291 1359 3346 noui

214 3376 361 3432 taurilibus
380 3378 510 3446 lentibus,
536 3380 584 3434 sed
600 3381 691 3447 spolio
705 3377 845 3447 postillis
864 3380 957 3433 relicto
976 3396 990 3432 e
1017 3379 1070 3433 tibi
1088 3379 1177 3434 illisce
1196 3380 1358 3435 solitaurili-

215 3468 266 3521 bus
285 3468 454 3523 lactentibus
473 3487 489 3522 o
562 3475 578 3522 8
596 3470 625 3522 te
644 3468 720 3522 hisce
741 3467 969 3522 suouitaurilibus
989 3469 1016 3520 P
1031 3469 1059 3522 te
1078 3469 1168 3523 hisces
1188 3468 1253 3523 uoui
1271 3469 1360 3525 tauri-

215 3556 323 3610 libusb
350 3558 449 3612 teisces
473 3557 541 3610 noui
563 3556 744 3610 taurilibusc
770 3557 814 3610 his
838 3555 1072 3611 solitaurilibusv
1180 3558 1360 3613 tidubitauit

217 3646 307 3699 PAR
326 3646 498 3701 dubitauerit
515 3665 531 3701 o
550 3646 725 3700 dubitaueris
744 3647 899 3700 Iracundus.
919 3646 1034 3712 sortasse
1051 3645 1148 3701 litabit
1238 3653 1271 3701 10
1290 3646 1359 3701 illoc

216 3736 367 3801 Meorsr'us,
385 3734 467 3789 illocc
487 3735 638 3789 Pontedera
652 3753 682 3803 p.
703 3740 738 3790 75
833 3781 837 3791 ,

208 3826 210 3830 ‘
288 3849 317 3894 11
340 3843 371 3896 a.
390 3828 449 3895 'oti
469 3841 559 3896 vittae
586 3846 664 3912 (corr.
684 3843 732 3913 tr)
753 3843 842 3898 offitia
862 3844 888 3896 A
912 3842 998 3897 vute
1017 3843 1109 3897 orsas
1130 3842 1158 3894 P
1182 3842 1278 3897 variae
1298 3844 1357 3899 orfi-

215 3968 259 4022 sa
277 3967 314 4021 aa
386 3966 537 4021 vauurr
556 3965 710 4023 ruituras
783 3945 881 4024 slata
956 3967 1043 4033 ‘ottae
1063 3968 1191 4022 eominus
1211 3968 1358 4037 praecipit.

220 4057 325 4110 Veteres
343 4057 446 4111 codices
464 4057 515 4111 boe
528 4061 610 4126 porte
629 4060 767 4127 corrupti:
786 4060 818 4112 tri
836 4059 936 4126 optimo
954 4060 1045 4112 tuadi
1059 4059 1140 4112 etiam
1154 4063 1221 4112 poto
1235 4059 1360 4114 adhunc

215 4147 302 4200 locum
321 4147 458 4214 apposito,
476 4147 516 4200 sic
533 4147 577 4199 r'lh'
596 4147 696 4217 lepori,
716 4145 791 4210 Quae
811 4147 923 4201 domino
943 4146 1086 4216 praeceps'
1113 4146 1251 4201 Victorius

216 4235 343 4289 dominus
362 4234 428 4301 AV,
456 4235 505 4289 ubi
522 4234 540 4287 l'
560 4252 608 4295 :no
628 4237 783 4292 eouiecturo
800 4237 991 4306 superscripsit
1010 4237 1179 4303 Politionus,
1199 4235 1312 4291 domino
1331 4237 1359 4292 R

287 4340 421 4393 praeceps
438 4323 528 4376 PAR
546 4323 685 4393 praecipit
702 4342 718 4379 o
809 4331 840 4378 12
860 4324 1055 4393 quomodoque
1066 4325 1115 4390 Af
1122 4326 1200 4392 Vici,
1219 4325 1358 4394 quomodo

217 4430 289 4482 quae
310 4413 353 4468 Vc
371 4430 455 4480 quum
475 4414 564 4487 queb
