2994 5018
451 374 499 428 DE
519 372 607 429 AGRI
627 370 796 428 CVLTVRA
817 369 844 428 0.
865 371 994 432 45-50
1247 368 1288 433 51

234 541 400 601 Pomarium
426 543 617 602 seminarium
641 541 676 600 ad
701 540 826 600 eundem
851 540 971 599 modum
991 547 1079 618 atque
1103 537 1287 617 oleagiueum
1306 536 1414 593 XLVIII

147 647 242 707 facito.
280 665 367 708 sumn
392 647 536 727 quidquid
560 665 654 725 genus
678 647 821 707 talearum
845 649 945 708 serito.

119 802 122 806 .
235 753 341 815 Semen
357 757 491 834 cupressi
511 755 563 816 uhi
581 773 676 836 serm,
700 755 809 834 bipalio
829 757 944 815 vertito.
986 772 1055 814 vere
1074 756 1170 832 primo
1190 756 1289 814 serito.

145 879 250 938 porcas
274 861 364 939 pedes
388 864 495 940 quinos
518 861 591 921 latas
615 861 712 942 facito,
736 881 770 922 eo
790 871 906 923 stercus
922 863 1070 921 minutum
1090 860 1197 940 addito,
1222 878 1290 919 con·
1316 870 1333 926 2

118 969 236 1026 asarito
260 966 420 1045 glebasque
445 969 636 1028 conmtnuito.
678 986 798 1047 porcam
821 968 937 1047 planam
957 967 1054 1047 facito,
1078 966 1198 1045 paulum
1222 986 1290 1026 cou-

146 1092 254 1134 cavam.
296 1082 360 1134 turn
388 1093 489 1135 semen
518 1076 609 1135 serito
639 1074 778 1136 crebrum
806 1082 956 1154 tamquam
984 1074 1090 1155 linum,
1122 1093 1157 1134 eo
1180 1083 1291 1135 terram

146 1182 245 1242 cribro
269 1184 416 1243 incernito
440 1183 527 1254 altam
556 1183 681 1262 digitum
710 1190 920 1244 transversum.
963 1201 1026 1242 eam
1054 1191 1163 1243 terram
1193 1181 1291 1242 tabula

146 1297 197 1348 aut
211 1289 337 1368 pedibus
354 1288 538 1370 conplanato,
562 1290 661 1350 furcas
676 1292 791 1350 circum
806 1291 927 1372 offigitq
941 1309 975 1350 eo
990 1292 1118 1370 perticas
1136 1289 1291 1368 intendito,

147 1413 181 1454 eo
206 1404 353 1456 sarmenta
378 1404 428 1457 aut
452 1399 542 1457 cratis
562 1397 677 1456 ficarias
695 1378 843 1476 inponito,
868 1416 943 1476 quae
964 1398 1057 1476 frIgus
1081 1396 1239 1456 defendant
1262 1403 1292 1454 et

106 1513 133 1554 ro
148 1500 248 1561 solem.
285 1504 330 1562 uti
354 1502 459 1564 subtus
482 1503 570 1564 homo
594 1502 744 1563 ambulare
768 1522 821 1582 pos
840 1504 983 1594 iQQ·
1029 1502 1135 1564 crebro
1159 1509 1291 1562 runcato.

147 1610 235 1682 simul
258 1609 367 1670 herbae
383 1612 550 1689 inceperim
568 1612 664 1691 nasci,
688 1611 816 1671 exImito.
854 1630 921 1672 nam
937 1613 962 1672 si
977 1610 1098 1672 berham
1114 1611 1218 1671 duram
1233 1607 1292 1669 vel-

147 1716 198 1797 les,
222 1735 380 1796 cupressos
404 1718 493 1778 simul
518 1717 634 1778 evelles

225 1824 278 1884 Ad
298 1824 426 1885 eundern
445 1825 564 1885 modum
585 1842 686 1884 semen
701 1825 848 1906 prorum,
866 1825 1012 1886 malorum
1027 1827 1117 1886 serito
1132 1827 1291 1904 tegitoque.
1316 1831 1334 1888 3

146 1950 238 1992 nuces
262 1934 365 2010 pineas
388 1933 423 1992 ad
448 1933 575 1992 eundem
599 1931 720 1991 modum
744 1934 803 1991 nisi
826 1941 975 2011 tamquam
999 1932 1213 2000 aliumserito.

106 2046 132 2088 1⁶
235 2037 357 2098 Vineam
381 2047 510 2098 veterem
531 2041 556 2098 si
576 2041 606 2097 in
625 2037 714 2098 alium
733 2037 831 2098 locum
846 2042 1009 2100 transferre
1024 2038 1116 2120 voleS‚
1141 2038 1293 2098 dumtaxat
1311 2042 1433 2100 XLVIIII

146 2144 302 2204 brachium
334 2162 464 2204 crassam
497 2144 606 2204 ltcebit.
648 2146 778 2222 primum
805 2144 960 2225 deputato,
988 2145 1071 2205 binas
1100 2163 1231 2223 gemmas
1254 2162 1291 2204 nc

147 2250 272 2329 amplius
296 2249 465 2329 reltnquito.
503 2267 538 2309 ex
555 2249 704 2311 radicibus
719 2251 794 2311 bene
809 2251 953 2332 exfodito,
976 2269 1071 2330 usque
1092 2251 1207 2310 radices
1226 2268 1291 2328 per·
1316 2252 1333 2306 2

147 2359 264 2436 sequitu
288 2365 318 2417 et
337 2364 437 2417 caveto
457 2375 494 2417 ne
514 2356 629 2416 radices
645 2359 767 2417 sancies.
805 2359 846 2416 ita
860 2360 905 2417 nti
919 2357 1009 2417 fuerit
1023 2359 1125 2436 ponito
1140 2359 1171 2417 in
1186 2356 1291 2417 scrobe

147 2472 198 2524 aut
222 2466 253 2524 in
273 2462 354 2524 sulco
374 2465 549 2542 operitoque
564 2470 594 2522 et
608 2462 684 2523 bene
699 2462 864 2543 occulcato,
889 2464 1056 2543 eodemque
1070 2463 1157 2524 modo
1176 2465 1290 2523 vineam

107 2572 284 2649 rostanno,
310 2570 426 2648 alligato
450 2570 629 2650 flexatoquc‚
653 2572 698 2630 uti
721 2571 824 2650 fucrit,
849 2570 1014 2649 crebroque
1039 2570 1140 2630 fodito.

235 2676 323 2736 Prata
346 2679 442 2755 prtmo
467 2695 535 2737 vere
560 2670 722 2737 stercorato
751 2676 821 2737 luna
849 2677 956 2738 silenti.
987 2696 1062 2757 quae
1085 2679 1209 2756 inrigIva
1234 2684 1330 2740 nonL

219 2837 234 2884 3
255 2831 355 2886 Samen
375 2831 496 2901 cupressi
516 2848 537 2886 c.
556 2835 608 2885 151
700 2837 716 2886 8
734 2832 826 2886 furcas
846 2804 950 2886 circum
969 2831 1077 2900 offigito
1098 2831 1174 2885 Plau.
1194 2836 1238 2898 17,
1258 2835 1291 2886 71

220 2927 252 2974 15
271 2920 389 2975 Vineam
408 2920 483 2974 Ptin.
503 2925 622 2987 17,198
694 2926 726 2973 21
747 2921 832 2974 Prata
850 2936 871 2975 c.
891 2925 931 2976 29
951 2921 1026 2974 Plio.
1047 2925 1093 2988 18,
1112 2925 1168 3000 233

219 3071 232 3115 1
253 3062 285 3117 R.
305 3063 367 3117 LVI
391 3062 549 3117 Pomarium
568 3056 748 3117 seminarium
766 3063 844 3117 APb
869 3063 982 3118 Semina
1001 3063 1124 3132 cupressi
1142 3062 1197 3132 piri
1214 3063 1292 3117 nucis

148 3153 177 3205 11
195 3151 256 3220 pini
276 3153 303 3206 11
321 3153 494 3205 caeterarum
514 3151 645 3205 arborum
664 3151 785 3220 qualiter
803 3154 930 3206 serantur
948 3169 980 3206 ac
999 3152 1148 3206 foueantur
1165 3170 1181 3206 0
1214 3215 1215 3218 Ἴ

148 3239 240 3309 adque
259 3239 435 3309 oleagineum
455 3241 544 3295 PAR
562 3243 646 3311 atque
666 3241 827 3311 oleaginum
845 3260 871 3303 c¹
952 3248 968 3294 2
988 3241 1119 3310 qnidqnit
1142 3243 1197 3296 ΡΑ
1216 3242 1292 3311 quic·

149 3330 216 3396 quid
234 3329 262 3382 R
280 3329 444 3399 qnodqueu
520 3337 536 3384 3
555 3330 658 3386 uertito
680 3330 771 3395 PAR
789 3331 894 3385 uortito
913 3349 929 3384 o
1011 3336 1026 3383 b
1047 3330 1228 3384 comminuite
1247 3331 1294 3384 Ac

149 3418 318 3474 comminuto
338 3420 353 3473 b
374 3418 543 3474 communito
568 3420 594 3473 V
699 3427 714 3474 6
734 3420 818 3474 111110
839 3420 964 3474 crebrum
983 3419 1102 3485 1111111.
1121 3423 1190 3485 151,
1210 3418 1293 3473 serito

149 3508 239 3564 cribro
258 3508 307 3563 Ru
330 3507 416 3563 serito
436 3508 512 3563 cribo
533 3507 591 3562 PA
664 3515 680 3562 8
701 3509 868 3577 conplanato
893 3508 920 3561 V
943 3509 1121 3577 complanato
1140 3507 1200 3561 AR

149 3604 164 3650 9
185 3600 327 3652 sarmanta
346 3615 414 3654 corr.
435 3600 576 3653 sarmenta
594 3598 621 3650 A
692 3597 820 3668 inponito
839 3599 866 3650 A
886 3595 1022 3667 imponito
1043 3596 1099 3650 VR
1172 3603 1203 3650 11
1219 3595 1293 3651 ince-

149 3686 242 3754 perint
264 3687 324 3739 AR
353 3687 496 3755 coeperint
520 3686 546 3739 V
635 3692 666 3739 12
686 3686 804 3757 evelles]
829 3685 943 3740 eluelles
967 3702 1036 3741 corr.
1061 3686 1163 3740 euelles
1182 3687 1209 3739 A

151 3781 184 3827 13
203 3772 341 3827 malorum
359 3792 375 3827 c
394 3775 531 3828 maiorum
550 3774 641 3828 PAR
713 3775 858 3844 tegitoqne
882 3774 938 3828 VR
955 3775 1046 3843 tegito
1065 3776 1092 3828 A
1171 3777 1293 3829 1411111-

149 3879 234 3930 quam
252 3863 280 3916 A
300 3866 434 3930 tanquam
459 3864 515 3917 VR

222 3958 254 4005 15
274 3951 351 4005 LVII
368 3951 410 4006 De
427 3951 512 4006 uinea
530 3955 624 4008 uetere
642 3954 724 4007 APb
753 3954 802 4007 Uti
824 3954 908 4008 uinea
930 3956 1011 4008 uetus
1036 3954 1070 4007 de
1094 3954 1156 4008 loco
1176 3953 1292 4008 transf-

149 4046 226 4098 ratur
244 4060 260 4096 0
349 4042 486 4095 transfere
504 4040 532 4094 A
623 4048 654 4096 17
675 4059 708 4096 ex
725 4042 866 4097 radicibus
890 4042 934 4097 Vb
954 4044 982 4096 11
1000 4042 1140 4097 radicibus
1159 4044 1206 4096 Ac

150 4130 273 4186 exfodito
294 4130 385 4184 PAR
404 4129 516 4185 effodite
535 4147 551 4184 c
623 4131 786 4199 persequito
806 4130 902 4185 VAbc
921 4122 1095 4200 persequitor
1114 4131 1258 4185 Iracundus

152 4228 183 4275 19
203 4221 286 4292 bene]
304 4221 340 4275 be
359 4220 387 4273 A
459 4226 493 4273 20
512 4220 543 4272 ut
561 4219 647 4273 fuerit
665 4221 803 4288 ereboque
822 4221 849 4273 A

222 4317 255 4363 11
275 4310 300 4362 R
319 4310 407 4365 LVIII
426 4311 510 4364 Prata
529 4309 670 4377 quomodo
691 4311 877 4365 stercorentur
891 4310 973 4365 APb
992 4311 1078 4364 Prata
1092 4311 1230 4379 quomodo
1251 4327 1292 4364 se-

150 4400 275 4453 ranturc
321 4400 473 4454 stercorato
488 4400 525 4453 bc
544 4401 695 4454 stercorato
706 4398 801 4466 PAcf
846 4400 911 4455 luna
930 4400 1030 4454 silente
1049 4416 1117 4454 corr.
1137 4400 1208 4454 -tiA
1228 4401 1294 4454 luna

151 4486 263 4543 sitiente
275 4487 390 4542 Plinius
405 4494 450 4556 18,
464 4493 521 4544 243
570 4488 921 4559 inrigiuaPinriguaAR
934 4487 1066 4557 irriguae
1085 4490 1165 4559 rigna
1182 4490 1294 4544 Plautus
1379 4511 1386 4524 ·

1045 4578 1081 4633 111
