2994 5018
195 320 235 384 10
496 317 651 374 CATONIS
671 318 718 372 DE
738 317 826 373 AGRI
846 317 1016 373 CVLTVBA

281 486 393 548 CXLVI
416 486 537 548 Vineam
559 487 742 565 redemptori
765 488 906 564 partiario
929 493 963 547 ut
986 486 1038 546 des

281 594 406 655 CXLVII
429 594 465 654 Vt
489 594 579 654 boves
603 595 686 654 fertIs
711 595 833 671 iungere
858 593 913 654 tibi
935 593 1022 654 liccat

281 700 419 762 CXLVIII
443 701 538 772 Quem
562 702 597 762 ed
621 701 741 762 modum
764 701 865 762 lucum
889 701 1046 761 conlucare
1070 703 1178 763 debeas

280 807 434 869 CXLVlllI
458 808 490 868 Si
513 809 614 869 fodere
637 808 717 868 voles
741 807 833 868 altero
857 808 988 890 piaculo,
1012 809 1083 888 quid
1107 812 1204 871 lacere
1228 810 1335 871 debeas

167 954 198 993 ‚r
280 915 326 976 CL
351 915 383 975 Si
406 933 510 993 agrum
533 915 660 975 lustrare
685 917 742 997 vis,
767 915 837 994 quid
861 916 958 976 Iacere
982 915 1090 976 debeas

206 1046 254 1077 ‚aa
281 1023 341 1084 CLI
364 1022 450 1083 ViIIci
473 1023 570 1081 officia

280 1129 354 1190 CLII
378 1128 486 1188 Vilicae
511 1128 606 1189 officia

269 1235 368 1303 ,CLIII
392 1235 453 1295 Lex
477 1235 557 1295 oleae
581 1235 725 1314 leguudae

128 1371 131 1375 ·
178 1408 181 1425 ,
214 1410 217 1415 ,
275 1343 382 1415 ¹CLllll
405 1343 467 1404 Lex
491 1343 571 1404 oleae
596 1343 750 1403 faciundae

270 1430 351 1511 {cuv
374 1450 436 1510 Lex
459 1450 539 1510 oleae
562 1450 719 1528 pendentis

275 1558 364 1619 ¹CLVI
387 1558 447 1617 Lex
471 1560 532 1617 vini
554 1557 712 1636 pendentis

274 1644 379 1726 'cuvu
403 1664 464 1724 Lex
489 1666 556 1724 viuo
580 1666 611 1723 in
635 1663 721 1723 doliis

155 1784 197 1833 tlt
281 1772 392 1833 CLVIII
417 1772 478 1831 Lex
501 1771 609 1850 pabulo
632 1771 755 1832 locando

194 1888 231 1916 “³
281 1878 406 1940 CLVllll
430 1878 471 1938 De
495 1877 643 1938 fructibus
668 1881 767 1939 ovium
790 1880 955 1940 vendundis

216 2016 218 2021 ·
281 1986 355 2047 CLX
379 1988 561 2063 Cupressum
586 2003 644 2063 quo
669 1986 756 2046 modo
781 2005 862 2047 seras

206 2104 210 2147 2·
281 2093 369 2153 CLXI
393 2093 434 2153 De
459 2094 557 2171 scopis
581 2094 688 2171 virgeis

281 2200 383 2260 CLXII
406 2201 447 2260 lle
471 2203 538 2260 vino
563 2200 675 2260 faecato

214 2318 257 2349 :,·
281 2307 393 2368 CLXIII
417 2308 525 2368 Vinum
550 2306 734 2386 emptoribus
760 2325 818 2386 quo
842 2307 929 2366 morlo
956 2309 1089 2366 metiaris

223 2422 265 2467 ω·
281 2414 409 2475 CLXllll
432 2415 489 2474 Per
511 2415 641 2474 hiemem
664 2431 770 2492 aquam
794 2413 830 2473 dc
854 2431 924 2492 agro
948 2414 1096 2493 depellere

133 2517 150 2561 ³·‘
193 2536 222 2583 :-¹
244 2524 263 2569 ’ἴ
281 2521 378 2582 CLXV
402 2521 538 2582 Brassica
562 2528 634 2600 quot
657 2521 871 2581 medicamenta
895 2523 926 2580 iu
950 2540 981 2580 sc
1005 2521 1111 2581 haheat

186 2624 257 2689 ζ··’
281 2627 392 2688 CLXVI
415 2629 520 2689 Alvum
544 2630 570 2688 si
593 2628 673 2688 voles
697 2627 828 2708 deicere,
853 2627 923 2706 quid
948 2625 1044 2687 Iacere
1068 2627 1176 2688 debeas

123 2732 186 2763 ⁴*
226 2759 232 2780 2
281 2734 407 2795 CLXVII
430 2737 628 2815 IntertrIgini,
653 2737 679 2794 si
702 2736 746 2794 via
770 2734 840 2815 ibis,
865 2734 1029 2794 remedium

192 2870 195 2875 ·
238 2872 244 2885 ι
269 2841 422 2902 chvlu
446 2842 563 2902 Luxum
585 2848 620 2901 ut
644 2849 781 2901 creantes

165 2974 172 2999 -·
227 2980 230 2995 ι
255 2960 258 2995 I
283 2947 437 3008 CLXVllll
460 2950 628 3027 Asparagus
653 2967 712 3027 quo
735 2947 823 3008 modo
847 2956 966 3008 seratur

242 3076 254 3106 ε
281 3054 383 3115 CLXX
406 3056 448 3116 De
473 3056 585 3116 salsura
610 3054 713 3115 osellae
736 3055 911 3134 puteolanae

263 3215 278 3262 3
303 3209 449 3264 conlucare
472 3208 528 3263 ΡΑ
552 3209 692 3279 collucere
715 3225 729 3263 c
752 3208 925 3264 collocares
1017 3215 1032 3264 5
1051 3210 1169 3279 lustrare
1191 3209 1235 3264 uis
1259 3210 1336 3278 Vtra,

191 3297 353 3353 lustraueris
375 3297 451 3352 VAe
524 3304 538 3352 7
557 3295 627 3352 CLII
647 3296 748 3352 Villice
768 3298 860 3352 officia
877 3303 970 3367 postea
988 3300 1080 3354 eodem
1097 3316 1196 3367 orcae,
1216 3304 1247 3353 et
1264 3300 1337 3354 cide·

190 3393 251 3454 ter,
270 3388 396 3442 eddilam
414 3393 452 3442 est
471 3388 501 3440 ia
520 3387 560 3452 A,
584 3386 692 3440 Vilicae
712 3387 804 3441 officia
826 3386 908 3455 Vter,
927 3385 1047 3440 Villicae
1066 3386 1158 3440 officia
1175 3405 1205 3454 c,
1224 3387 1338 3441 deducto

191 3478 216 3530 V
236 3479 327 3531 littero
345 3478 470 3531 delevisse
484 3477 590 3530 eidetor
605 3476 638 3542 P,
657 3492 706 3530 om.
727 3493 741 3530 e
814 3482 829 3530 8
849 3477 987 3545 legendae
1003 3477 1082 3530 PAe
1104 3476 1274 3544 legendaeo

192 3572 207 3620 9
223 3565 371 3619 faciundae
387 3565 444 3618 VA
459 3563 577 3619 i'ecuude
593 3582 607 3617 c
667 3569 700 3617 14
715 3565 756 3618 De
769 3565 906 3619 fructibus
922 3564 1016 3618 ouium
1030 3564 1186 3618 ueudundis
1200 3563 1248 3619 Ac
1259 3564 1336 3632 Vter,

192 3655 233 3709 De
256 3653 393 3708 fructibus
417 3654 512 3709 ouium
536 3671 590 3722 qua
603 3653 671 3727 ,lege
691 3653 809 3708 uenierit
829 3654 857 3706 P
878 3655 994 3708 Fructus
1015 3654 1109 3708 ouium
1128 3672 1183 3722 qua
1205 3653 1268 3723 lege
1292 3671 1338 3708 ue-

191 3743 305 3798 nierito
386 3749 419 3797 18
435 3744 573 3812 quomodo
588 3743 713 3798 metiaris
729 3744 757 3796 P
774 3744 913 3810 quomodo
929 3743 1120 3798 admetiarisc
1140 3744 1195 3811 qud
1210 3742 1339 3797 meciaris

192 3851 206 3888 c
229 3832 369 3902 quomodo
391 3833 553 3887 admetiaris
578 3833 638 3898 Quo
658 3838 703 3886 mo
722 3831 847 3886 metiaris
865 3831 928 3898 XU,
953 3834 1000 3887 secl
1018 3833 1157 3901 quomodo
1178 3831 1338 3903 admetiaris

191 3923 224 3977 ia
244 3938 346 3977 resero
368 3922 480 3990 scriptis
501 3928 526 3976 et
546 3923 653 3988 Quomd
677 3920 801 3976 metiaris
820 3920 870 3974 XU
890 3922 982 3975 deletis
1000 3920 1027 3973 A
1118 3927 1151 3976 19
1170 3920 1291 3974 hiemem
1311 3921 1337 3973 A

191 4012 321 4076 hyemem
346 4011 389 4065 Vc
479 4017 512 4064 20
532 4011 658 4066 Brassica
681 4012 755 4079 quod
774 4015 810 4080 (φ
829 4029 897 4065 corr.
917 4012 950 4082 qt
972 4018 1004 4065 ot
1026 4012 1133 4065 videtur
1156 4009 1194 4079 A)
1217 4009 1339 4064 medica-

191 4101 287 4154 menta
310 4099 339 4153 in
363 4117 392 4154 se
411 4101 516 4155 habeat
540 4102 598 4154 ΡΛ
620 4101 748 4155 Brassica
771 4101 846 4168 quod
871 4101 1104 4154 medicamentum
1127 4100 1156 4152 in
1180 4116 1209 4153 sc
1234 4099 1340 4153 habeat

191 4206 273 4259 super
292 4191 391 4245 liccam
410 4192 473 4245 odd.
494 4207 520 4257 c,
540 4189 745 4244 Medicamenta
763 4188 904 4244 brassicae
923 4206 947 4243 e.
979 4190 1101 4258 sequitur
1114 4190 1179 4243 boel
1191 4189 1269 4242 tetuli
1283 4189 1339 4242 loco

194 4277 268 4343 Quot
290 4279 427 4333 brassicae
451 4295 554 4348 genera
578 4280 606 4332 et
625 4295 698 4346 quae
716 4281 816 4332 natura
840 4279 883 4347 V„
896 4295 946 4332 cm.
966 4278 1090 4332 Ach'ct.
1180 4283 1213 4331 21
1236 4278 1339 4331 Aluum

193 4366 217 4420 si
240 4366 317 4420 uoles
342 4367 460 4422 delicere
484 4366 551 4435 quid
574 4367 666 4421 facere
690 4367 792 4421 debeas
819 4367 896 4422 PAe
919 4366 1020 4421 Aluum
1046 4365 1163 4420 deiicere
1183 4367 1236 4420 hoe
1255 4365 1339 4420 modo

194 4457 338 4525 oporteto
