2994 5018
198 339 240 400 96
690 336 844 391 CATONIS

198 522 315 582 purges.
358 521 444 582 quam
470 506 638 564 tenerrimis
661 501 775 583 herbis,
804 509 834 561 et
858 504 996 580 querneus
1026 504 1193 582 omiserit,
1222 521 1341 581 purges.

198 629 251 688 per
275 618 415 671 aestatem
439 611 479 668 ita
503 613 550 669 uti
571 609 748 669 dictumest
776 609 841 668 fieri
865 615 994 687 oportet,
1019 616 1048 667 et
1063 607 1114 666 ubi
1129 625 1230 667 semen
1246 616 1343 668 satum

199 719 267 796 siet,
292 693 464 777 stramentis
488 717 614 795 operiri3
638 715 688 775 ubi
713 733 833 793 germen
858 733 979 774 nasoere
1004 716 1144 794 eoeperit,
1167 723 1230 774 tom
1254 715 1342 775 demi.

117 823 182 880 leI
291 838 321 896 Q.
341 837 372 882 Α.
391 837 425 882 Μ.
449 821 549 882 Manlii
564 829 811 905 monstraverunt.
849 823 878 881 in
894 821 999 881 diebus
1018 837 1103 902 xxx,
1119 821 1227 900 quibus
1242 824 1344 882 vinum

199 929 320 1009 legeris,
344 930 521 1008 aliquotiens
545 929 632 989 faoilo
657 947 761 1006 soopas
787 930 900 1007 virgeas
923 929 1035 989 ulmeas
1059 929 1168 1009 aridas,
1194 931 1224 988 in
1249 947 1371 990 asser-5

200 1035 265 1095 oulo
290 1035 419 1115 alligato,
444 1036 536 1096 eabus
559 1036 649 1096 latera
674 1034 760 1095 doliis
779 1036 960 1095 intriuseeus
976 1054 1069 1114 rrsqoe
1085 1037 1160 1096 bene
1175 1036 1345 1116 perfricato,

200 1162 236 1202 ne
261 1145 324 1202 faex
348 1144 379 1201 in
404 1142 547 1202 lateribus
570 1142 769 1201 adhaerescat.

103 1251 180 1307 rtlrl
289 1249 395 1309 Vinum
421 1250 564 1309 faecatum
588 1250 631 1308 sio
655 1249 751 1307 fruito.
790 1248 908 1307 fiscinas
927 1247 1051 1308 olearias
1066 1251 1251 1327 campaninos
1271 1250 1345 1310 (liras

200 1357 265 1416 illae
289 1359 334 1416 rei
356 1355 471 1416 habeto.
509 1374 558 1416 eas
582 1356 671 1415 faecis
695 1353 806 1434 inpleto
831 1354 886 1414 sub
910 1354 1085 1434 prelnmque
1105 1355 1223 1416 subdito
1247 1360 1346 1435 expri-

201 1466 341 1542 miloque.
1361 1485 1387 1522 ro

105 1571 181 1627 nnn
290 1570 395 1630 Vinum
411 1569 595 1648 emptoribus
611 1571 674 1629 sine
690 1568 822 1629 molestia
838 1588 896 1647 quo
912 1569 998 1629 mildo
1013 1570 1191 1630 admetiaris
1229 1571 1345 1632 labrum

200 1677 327 1739 rulleare
355 1677 421 1737 illae
451 1679 496 1736 rei
525 1677 619 1736 faoito.
666 1676 696 1735 irl
725 1675 831 1735 babeat
864 1675 898 1734 ad
928 1693 1076 1736 summum
1105 1682 1345 1759 ansas1111‚uti

200 1783 355 1844 transferri
379 1786 518 1862 possitur.
556 1783 585 1843 irl
610 1785 700 1841 imum
725 1781 911 1860 perfundito:
937 1801 969 1841 ea
994 1782 1122 1842 fistulam
1143 1783 1276 1864 subdito,
1300 1787 1346 1844 uti

132 1973 136 1980 .
200 1893 333 1969 opturari
361 1900 441 1950 recte
466 1891 573 1968 possit:
606 1897 636 1948 et
664 1888 699 1948 ad
725 1907 886 1968 summum,
919 1907 976 1967 qna
1005 1889 1056 1948 lini
1085 1889 1213 1950 culleum
1238 1893 1345 1969 saltitat,

214 2068 216 2073 ¹
271 2081 336 2136 Ain
355 2079 455 2133 diebus
475 2077 550 2132 XXX
570 2095 591 2133 c.
611 2083 650 2134 26
722 2077 859 2132 8Vinnm
878 2077 1019 2132 faecatum
1041 2078 1117 2133 Plio.
1137 2083 1181 2145 10,
1200 2084 1237 2134 86

291 2285 303 2330 1
334 2277 436 2346 purget
458 2291 527 2330 corr.
552 2291 593 2328 -es
616 2275 712 2343 priore
739 2275 795 2328 loeo
818 2274 844 2326 A
955 2289 1039 2341 quam
1066 2275 1224 2330 tenerrimis
1251 2275 1348 2331 herbis

200 2366 356 2432 Aurata,
383 2383 468 2435 quam
486 2363 644 2418 tenerrimis
669 2363 695 2416 V
801 2362 878 2417 aira
896 2363 939 2417 uti
958 2363 1063 2417 dietum
1082 2365 1157 2418 esto
1180 2364 1221 2420 ita
1239 2364 1347 2419 dietum

201 2457 244 2509 est
264 2454 365 2510 PAor
383 2456 425 2509 uti
444 2454 550 2509 dietum
570 2457 611 2509 est
628 2455 646 2520 f
727 2460 743 2507 3
762 2471 876 2523 germen
894 2469 1008 2507 nascere
1029 2453 1117 2506 PAR
1135 2470 1250 2521 graman
1269 2455 1348 2508 nasei

200 2561 216 2597 o
306 2543 431 2613 eoeperit
455 2544 481 2596 V
497 2543 602 2612 repent
620 2544 646 2596 A
667 2544 773 2617 ceperit
792 2544 827 2597 be
930 2543 990 2597 tum
1010 2543 1084 2597 demi
1107 2541 1164 2596 VR
1191 2543 1251 2596 tum
1271 2542 1347 2596 demi

201 2657 236 2721 ,(ῑ.
251 2639 319 2708 alf
338 2651 436 2704 manlii
454 2651 680 2705 monstrauerunt
698 2650 724 2702 A

272 2763 288 2810 4
312 2758 343 2811 R.
369 2757 452 2811 CLXI
476 2756 516 2811 De
540 2757 630 2826 scopis
654 2756 757 2825 uirgeis
776 2755 858 2809 APb
887 2755 963 2821 Quae
983 2754 1102 2809 Memius
1120 2757 1149 2810 et
1168 2756 1204 2812 M.
1224 2757 1345 2811 Manlius

202 2865 235 2917 ‹le
255 2863 320 2918 uino
339 2863 511 2932 emptoribus
530 2862 707 2917 admetiendo
726 2863 977 2931 monstrauerinte
1064 2847 1096 2927 Q
1116 2869 1141 2916 a
1158 2851 1197 2919 II.
1212 2863 1344 2933 (enema.

201 2958 237 3007 113.
257 2955 285 3022 f)
304 2952 403 3006 manlii
422 2954 648 3007 monstrarerunt
668 2951 735 3018 PR,
753 2952 803 3006 boe
822 2952 879 3006 loeo
898 2968 946 3006 om.
958 2952 993 3021 A,
1014 2950 1094 3015 Quod
1114 2956 1207 3006 autem
1227 2952 1348 3008 Memins

202 3080 229 3132 et
248 3077 284 3131 M.
304 3077 426 3131 Manlius
445 3078 704 3132 monstrauerunto
813 3083 829 3130 5
848 3077 987 3131 asser-culo
1012 3076 1057 3129 Vb
1081 3055 1207 3131 asireulo
1226 3078 1253 3130 A
1271 3093 1346 3132 aser-

202 3167 265 3221 eulo
285 3167 321 3232 ef
402 3166 545 3236 baligato
564 3167 591 3220 A
680 3165 860 3220 instrinsecus
880 3164 931 3232 As
1011 3171 1081 3218 ‘r'ne
1100 3164 1164 3219 faex
1188 3165 1214 3217 V
1230 3165 1295 3219 nefa
1314 3183 1348 3219 ex

202 3256 271 3322 Aef
284 3273 319 3309 ne
339 3255 384 3308 fex
404 3257 419 3309 b
491 3256 520 3310 in
539 3261 603 3311 ante
620 3255 756 3310 lateribus
775 3272 825 3310 om.
845 3254 881 3320 A,
900 3255 962 3308 add.
988 3253 1044 3307 VR

273 3368 289 3416 8
308 3364 340 3416 R.
362 3361 456 3416 CLXII
474 3363 600 3417 Deunum
625 3362 729 3416 factum
749 3362 853 3430 fecum,
879 3362 925 3414 sed
943 3361 1026 3415 deleto
1049 3361 1153 3415 factum
1173 3360 1200 3414 A
1219 3361 1261 3415 De
1279 3363 1348 3416 uino

202 3453 313 3506 faecato
337 3453 362 3506 V
367 3454 382 3506 b
471 3452 612 3507 faecatum
637 3451 680 3506 Ve
696 3452 855 3506 fecatumb
880 3449 973 3504 ferato
992 3450 1019 3503 A
1038 3466 1105 3504 eorr.
1126 3451 1198 3503 tum
1216 3449 1257 3503 AI

203 3548 218 3595 8
237 3541 348 3594 fiscinas
365 3541 423 3594 VR
441 3541 562 3595 fascinus
581 3541 608 3593 A
681 3547 697 3594 9
716 3539 765 3612 illp
784 3539 824 3593 rei
845 3539 890 3593 Pe
907 3538 956 3593 ille
974 3538 1014 3592 rei
1033 3539 1082 3593 Ab
1106 3555 1174 3596 corr.
1194 3539 1238 3594 illi
1256 3540 1296 3594 rei
1316 3547 1349 3596 ut

202 3631 313 3684 videtur
331 3629 372 3682 A2
390 3628 466 3683 illius
485 3629 525 3682 rei
544 3646 560 3682 o
642 3629 729 3684 faecis
753 3629 796 3683 Vc
814 3628 883 3682 fecis
902 3628 950 3682 Ab
1036 3628 1144 3698 inpleto
1163 3629 1190 3682 A
1208 3629 1299 3698 ipleto
1323 3629 1352 3682 V

204 3720 321 3788 impleto
341 3719 368 3772 R
439 3719 621 3787 praelumque
645 3717 671 3770 V

275 3833 307 3880 11
326 3827 359 3878 n.
379 3825 489 3880 CLXIII
503 3823 605 3880 Vinum
620 3825 792 3894 emptoribus
811 3824 951 3892 quomodo
966 3825 1031 3892 (quo
1042 3824 1080 3893 A)
1095 3823 1257 3878 admetiaris
1268 3824 1348 3880 AVb

275 3922 308 3969 12
328 3915 449 3969 eulleare
471 3915 549 3967 PAe
567 3912 704 3967 collocare
724 3914 739 3967 b
764 3913 904 3978 auleatef
925 3913 1068 3967 caleaneo
1158 3913 1206 3986 ille
1226 3914 1266 3968 rei
1289 3904 1349 3968 PR

204 4006 252 4060 ille
272 4005 312 4058 rei
331 4005 357 4056 A
376 4003 419 4058 illi
438 4003 478 4057 rei
496 4020 513 4057 o
622 4008 655 4056 13
674 4000 820 4057 transferri
838 4001 962 4071 possitur
982 4001 1039 4053 ΡΑ
1063 4001 1186 4056 tranferri
1205 4001 1315 4071 positur
1334 4020 1349 4057 e

203 4093 347 4148 transferri
373 4092 462 4162 possit
491 4094 552 4160 bfo.
592 4090 633 4145 ‘V
638 4090 659 4144 ti
687 4089 833 4146 transferri
861 4089 991 4160 possitur.
1038 4089 1133 4144 Prisco
1160 4091 1225 4145 boec
1253 4092 1347 4146 lectio’

207 4183 344 4238 Vr'etorr'us
417 4187 450 4235 14
469 4180 594 4251 opturari
614 4182 688 4234 erete
707 4181 747 4234 vel
766 4182 841 4254 erete
860 4180 886 4232 A
910 4178 1067 4248 opturarier
1084 4181 1161 4233 reete
1180 4180 1208 4232 P
1223 4180 1348 4235 obturari

204 4275 295 4326 erecte
315 4274 354 4340 bf
368 4272 493 4340 opturari
511 4273 616 4324 erreete
636 4287 650 4323 c
669 4269 825 4324 obturarier
843 4269 896 4322 rite
915 4285 931 4322 o
1011 4271 1039 4322 et
1058 4271 1088 4322 at
1106 4271 1184 4336 (corr.
1206 4272 1235 4324 et
1253 4268 1289 4322 ad
1309 4272 1349 4337 A)

204 4370 343 4416 summum
363 4360 421 4414 ΡΑ
440 4361 523 4415 etad
543 4378 681 4413 sumntum
701 4361 756 4426 bfo
780 4361 808 4412 et
827 4374 1016 4413 esnmmume
1105 4358 1226 4412 culleum
1247 4358 1350 4412 PAbc

205 4450 313 4504 culeum
332 4452 365 4517 fr
