2994 5018
462 341 510 396 DE
530 342 619 401 AGRI
637 341 807 397 GVLTVRA
826 342 855 398 G.
877 343 937 402 157
1220 343 1283 406 103

140 531 244 574 sanum
273 512 371 573 iacies.
413 530 517 572 verum
545 529 640 571 assam
667 511 828 571 brassicam
857 517 887 571 et
914 519 1034 570 unctam
1062 508 1187 589 caldam,
1215 508 1284 570 salis
1316 540 1319 547 ⁴

140 619 261 698 paulum
284 619 351 680 dato
371 619 484 679 bomini
502 621 609 679 ieiuno.
652 637 739 697 quam
759 618 919 697 plurimum
935 618 1043 697 ederit,
1067 624 1126 677 tam
1141 618 1283 677 citissime

141 744 230 787 sanus
254 714 305 787 fiet
329 745 364 785 ex
388 745 422 786 eo
437 724 549 786 morbo.
592 727 718 787 tormina
734 725 842 804 quibus
857 725 981 785 molesta
995 732 1097 805 erunt,
1120 726 1163 783 sic
1187 724 1283 784 facito.
1304 728 1322 784 9

140 832 301 894 brassicam
325 841 472 893 macerato
501 832 589 912 bene,
616 840 719 910 postca
746 835 776 891 in
805 831 900 892 aniam
928 833 1047 910 coicito,
1075 830 1283 890 defervefacito

113 941 225 1002 ibone.
267 940 318 1000 nbi
346 947 429 1000 cocta
458 938 632 1019 erithone,
661 956 766 1017 aquam
796 939 957 999 defundito.
1000 957 1035 997 eo
1063 937 1162 997 addito
1186 936 1283 996 oleum

139 1049 215 1109 bene
239 1056 269 1108 et
293 1046 363 1115 salis
384 1045 536 1124 paululum
561 1054 591 1105 et
614 1047 765 1105 cuminum
791 1053 820 1104 et
843 1044 982 1122 pollinem
1001 1044 1145 1123 polentae.
1182 1051 1285 1123 postea

140 1157 220 1216 ierne
248 1154 324 1215 bene
348 1154 444 1214 facito.
487 1153 538 1213 nbi
561 1154 697 1232 servarit,
721 1154 751 1211 in
776 1154 906 1212 catinum
930 1151 1033 1212 indito.
1076 1152 1143 1212 dato
1167 1151 1235 1230 edit,
1260 1152 1285 1210 si

141 1263 263 1342 poterit,
288 1262 350 1320 sine
374 1277 465 1340 pane;
489 1262 514 1320 si
538 1278 609 1337 non,
634 1259 701 1318 dato
725 1276 830 1335 panem
851 1276 960 1335 purum
979 1258 1088 1318 ibidem
1103 1258 1285 1318 madefaciat.

141 1378 170 1430 et
193 1371 218 1428 si
246 1365 352 1427 febrim
380 1384 440 1426 non
467 1365 608 1453 babebit⁸
631 1366 698 1425 dato
728 1367 828 1424 vinum
858 1371 955 1426 atrum
979 1364 1069 1425 bibat.
1111 1367 1170 1425 cito
1194 1382 1284 1424 sanus

101 1489 127 1528 1⁰
141 1477 199 1536 fiet.
241 1482 272 1535 et
294 1473 351 1533 hoc
380 1473 523 1552 siquando
552 1492 625 1534 usus
658 1474 784 1552 venerit,
813 1474 864 1551 qui
893 1471 998 1532 debilis
1031 1473 1101 1552 erit,
1129 1473 1202 1532 haec
1236 1490 1284 1531 res
1305 1476 1346 1532 10

37 1644 39 1653 ,
142 1600 246 1644 sanum
269 1581 367 1641 facere
390 1587 497 1659 potest.
538 1580 699 1640 brassicam
720 1579 781 1639 edit
799 1580 838 1639 ita
857 1580 902 1639 nti
921 1577 949 1638 S.
971 1578 999 1638 S.
1018 1577 1051 1639 E.
1094 1587 1124 1639 et
1147 1579 1203 1638 boc
1227 1596 1285 1637 am·

141 1690 228 1769 plius.
268 1688 372 1748 lotium
396 1694 570 1748 conservato
590 1690 654 1747 eins
679 1688 730 1765 qni
744 1686 905 1746 brassicam
929 1688 1073 1767 essitarit‚
1098 1687 1128 1746 id
1143 1685 1286 1764 caliaoito,

142 1815 176 1856 eo
200 1797 348 1857 bominem
372 1795 532 1875 demittite,
558 1796 616 1854 cito
640 1812 744 1854 sanum
763 1794 851 1853 faciet
870 1792 924 1853 bac
947 1812 1031 1853 cura:
1056 1800 1211 1870 expertum
1230 1791 1286 1851 boo

142 1910 195 1963 cst.
237 1904 308 1963 item
340 1921 450 1981 pueros
478 1901 602 1981 pusillos
632 1903 666 1961 si·
685 1902 764 1960 laves
798 1919 833 1960 eo
865 1900 949 1980 lotio,
983 1918 1145 1979 numquam
1173 1898 1286 1960 debiles

102 2019 129 2062 1⁶
144 2011 223 2070 fient.
265 2019 294 2070 ct
318 2009 427 2089 quibus
451 2008 530 2070 oculi
553 2027 658 2086 parum
682 2007 857 2087 derisum,
880 2026 916 2067 eo
939 2006 1010 2068 lotio
1030 2008 1195 2085 inunguito,
1218 2005 1285 2082 plus

143 2116 294 2177 videbunt.
338 2119 363 2176 si
386 2124 477 2195 caput
499 2125 550 2176 aut
574 2118 705 2176 cervices
729 2114 837 2195 dolent,
862 2133 896 2175 eo
920 2113 991 2175 lotio
1015 2113 1098 2175 caldo
1117 2111 1214 2191 latito,
1238 2111 1286 2171 de·

144 2225 243 2283 sinent
262 2211 397 2297 doleres
402 2231 432 2284 et
455 2227 480 2284 si
503 2223 611 2284 mulier
630 2242 665 2283 eo
684 2222 756 2283 lotio
771 2221 852 2282 iocos
867 2220 985 2303 fovebit,
1010 2237 1172 2298 numquam
1187 2215 1210 2298 †
1225 2237 1287 2278 um·
1308 2227 1346 2282 11

145 2331 312 2412 scribent,
336 2339 366 2392 et
389 2331 555 2392 fovere-sic
579 2336 705 2407 oportet.
748 2328 799 2388 nbi
823 2330 853 2387 in
878 2335 978 2388 scutra
1002 2326 1206 2407 servaremus,
1231 2325 1286 2387 sub

143 2503 228 2557 etiam
247 2503 417 2573 uigiliasque
436 2503 535 2557 toliere
554 2501 712 2569 decoctam,
732 2500 755 2553 si
774 2499 860 2554 ieiuni
880 2500 963 2554 edent
982 2517 1066 2568 qnam
1085 2498 1235 2568 plurimum
1255 2514 1288 2551 ex

144 2591 205 2647 oleo
225 2595 255 2647 et
273 2594 331 2647 sale
407 2592 551 2646 lcaldem
573 2592 674 2662 PAcf
692 2589 817 2655 calidam
836 2591 851 2643 b
871 2588 1025 2643 ealidnmc
1103 2587 1244 2642 3moleta
1262 2588 1288 2640 A

250 2687 267 2734 4
286 2681 315 2735 in
334 2683 427 2736 aulem
449 2681 547 2736 VAbo
569 2679 599 2733 in
618 2679 703 2733 oliam
722 2679 739 2744 s
826 2677 928 2732 coicito
947 2677 1036 2731 PAR
1055 2676 1169 2732 deiicito
1188 2693 1203 2730 o

144 2773 395 2878 taquam]a21A
503 2803 684 2874 bpaululnm
702 2801 854 2870 ΑΒΜ,
873 2801 988 2870 paulurn
1014 2802 1040 2854 V
1144 2799 1287 2870 polentae]

143 2895 268 2964 pollente
287 2912 355 2950 corr.
376 2897 418 2949 -te
437 2895 464 2947 A
565 2901 579 2947 'i
599 2893 658 2946 edit
678 2892 780 2946 PAbc
798 2890 844 2946 edi
861 2893 879 2958 f
893 2891 992 2945 edeta
1096 2897 1112 2944 8
1131 2889 1197 2944 doto
1217 2895 1288 2959 pene

143 2984 250 3051 purus
274 2983 340 3038 dato
364 3001 435 3054 pane
459 3002 560 3053 purum
582 2982 682 3036 PAbc
710 2982 775 3035 dato
794 2997 896 3050 panem
914 2997 1046 3050 parumn
1155 2977 1290 3033 tfebrim

148 3069 202 3123 VR
220 3070 330 3125 februm
348 3073 376 3126 A
466 3073 558 3126 etrum
576 3089 591 3125 o
612 3088 708 3125 acrum
728 3070 821 3124 PAR
913 3077 946 3125 10
964 3071 1014 3124 fiet
1031 3071 1091 3123 AR
1110 3069 1163 3123 siet
1185 3068 1211 3120 V
1257 3084 1260 3090 ’

146 3159 290 3226 siquemdo
311 3163 336 3214 A
420 3167 452 3214 12
472 3159 595 3214 essitarit
616 3159 721 3226 PAcf
736 3160 846 3215 esitarit
864 3161 879 3214 b
899 3161 1077 3214 esitanerito
1160 3157 1289 3213 calfacito

149 3247 245 3315 VAcf
259 3248 404 3315 calefacito
424 3251 456 3303 b,
533 3256 564 3301 13
584 3247 726 3302 demittito
749 3248 813 3302 Vbc
832 3247 962 3303 demitito
980 3249 998 3315 f
1019 3247 1155 3302 dimittito
1174 3249 1202 3300 A
1220 3284 1223 3289 -

145 3353 243 3391 sonum
261 3336 347 3393 facies
366 3339 419 3393 hac
438 3355 505 3392 cura
523 3337 676 3392 Iracundus.
707 3338 824 3404 sortasse
843 3353 941 3390 sanum
961 3336 1047 3391 faciet
1064 3337 1134 3390 hoec
1153 3352 1220 3389 curo

145 3429 290 3495 expertum
308 3433 323 3482 e
342 3428 396 3482 hoo
415 3433 439 3495 e,
457 3429 503 3482 scd
522 3429 605 3482 deleto
623 3429 715 3495 priore
734 3428 790 3481 loco
809 3431 824 3479 e
844 3429 871 3478 A
953 3430 987 3478 14
1005 3425 1072 3479 item
1096 3425 1122 3477 V
1137 3424 1211 3478 idem
1230 3424 1291 3479 AR

218 3574 249 3623 15
269 3569 338 3623 senc
359 3569 414 3622 Va
433 3569 503 3623 fiant
520 3570 547 3621 A
622 3575 654 3622 1c
674 3567 754 3622 cerac
777 3567 877 3635 Vncf
891 3567 983 3635 carneo
1003 3567 1018 3620 a
1090 3565 1193 3636 rasin]
1213 3527 1291 3620 rade

146 3657 196 3710 Ab
270 3656 398 3710 desinent
417 3656 510 3711 dolere
530 3658 586 3710 boo
606 3656 734 3711 desinent
751 3656 848 3711 dolore
870 3657 928 3709 PA
939 3655 1017 3721 Vici,
1037 3654 1146 3709 desient
1164 3655 1296 3722 dolores

218 3750 251 3798 17
270 3744 357 3815 locos]
377 3744 446 3799 Loci
464 3747 496 3799 ie
514 3747 638 3815 mnrqiuc
657 3747 804 3815 adscripsit
824 3747 852 3799 P
931 3761 1083 3812 numquam
1102 3744 1204 3797 nmseri
1224 3745 1292 3799 fient

149 3833 219 3900 Pbs
242 3849 393 3900 numquam
416 3834 515 3903 unsepi
539 3837 619 3903 (corr.
640 3834 744 3902 nnscri)
768 3835 836 3888 fient
854 3834 880 3887 A
909 3850 1052 3901 nunqnam
1076 3833 1168 3887 unseri
1193 3833 1292 3888 fiento

145 3935 299 3988 numquam
326 3919 419 3975 miseri
447 3922 589 3977 fientcod.
609 3923 697 3977 Later.
718 3927 826 3989 3o,10‚
854 3937 1007 3990 numquam
1026 3920 1047 3975 ii
1073 3921 1159 3975 nirosi
1182 3922 1250 3976 fient
1267 3939 1291 3975 o.

148 4011 186 4065 ‘N
187 4026 311 4078 unquam
324 4009 345 4063 ii
358 4010 445 4065 uirosi
459 4012 534 4067 fient.
564 4012 711 4080 Receptcm
724 4013 795 4066 bunc
810 4012 946 4064 tectionem
960 4010 1072 4076 retinui,
1091 4015 1185 4064 notam
1203 4016 1293 4064 tomen

145 4102 234 4168 saone
254 4101 398 4173 antiquum
415 4101 490 4167 nolo,
509 4118 578 4170 qnae
596 4102 751 4169 deprauata
770 4100 880 4153 omnino
899 4104 948 4165 est,
969 4100 1041 4167 qnod
1059 4099 1141 4152 etium
1159 4101 1293 4154 librarius

145 4207 202 4243 non
227 4206 329 4258 purum
356 4189 472 4258 diiiqens
500 4190 638 4261 conuenit,
667 4190 704 4243 ad
732 4205 790 4242 cam
813 4189 884 4242 enim
912 4192 1004 4241 notam
1017 4188 1176 4256 ,adposuim
1217 4187 1292 4240 Nun-

147 4296 279 4345 qnnmmn
305 4277 359 4334 seri
384 4279 468 4334 fient’
495 4280 640 4334 Victorius.
672 4278 788 4344 fortasse
807 4294 960 4345 numquam
980 4276 1100 4331 ulcerosi
1118 4277 1186 4329 fient

151 4371 183 4420 18
202 4367 250 4420 ubi
267 4368 398 4437 superata.
419 4369 446 4422 A
541 4367 571 4420 in
589 4366 683 4420 scutra
701 4366 745 4420 Pb
751 4367 768 4432 f
773 4366 851 4433 Vict,
870 4366 994 4420 inscrnte
1012 4366 1039 4417 A
1058 4363 1087 4418 in
1106 4366 1213 4419 soruba
1231 4380 1245 4417 c
1263 4362 1292 4416 in

149 4457 279 4509 souteno
